3900 5117
445 550 555 680 ⁷25⁶
658 527 1471 657 counnnr‘rnru's

484 796 600 883 garam
612 773 944 871 interpretationem
959 768 1145 845 admittere
1158 768 1333 863 ejusmodi
1349 771 1480 864 quidin
1503 792 1567 853 ree
1581 803 1649 866 m

479 902 550 976 pro
574 904 637 951 aaa
655 896 733 950 aua,
778 869 860 973 Qua
881 869 1020 943 ratione
1041 866 1483 958 verbabaecinsertusunt
1495 896 1557 969 per
1569 898 1645 955 mo.

482 978 567 1053 dum
590 968 856 1070 parenthelios,
897 967 955 1040 vel
974 988 1039 1062 per
1058 965 1279 1040 reticentiam
1299 967 1544 1046 eonnedienda
1563 996 1646 1055 cum

477 1072 564 1167 seq,
591 1088 631 1146 ut
654 1070 778 1164 plenus
797 1064 985 1140 fitsermo:
1011 1062 1206 1157 wiardus,
1229 1070 1285 1158 qui
1295 1064 1481 1157 percusfistt
1495 1094 1566 1161 eos,
1595 1077 1649 1168 qui

474 1168 636 1268 persecuti
648 1166 752 1264 sunt,
783 1163 959 1257 percuties
979 1159 1087 1232 etiam
1108 1179 1207 1231 meos
1222 1155 1361 1245 hostes,
1386 1158 1650 1245 &adeundum
1729 1236 1734 1243 .
1804 1167 1808 1174 '

473 1270 611 1363 plagam
624 1259 835 1360 confoffirum
854 1276 981 1331 tuorum
993 1253 1258 1364 annuebant&
1271 1258 1465 1332 sanabunt.
1515 1260 1645 1358 Respi.

478 1364 577 1437 cient
590 1383 701 1451 vero,
726 1360 796 1431 boc
810 1352 974 1441 admisso,
1001 1351 1111 1423 verbu
1124 1350 1168 1422 ud
1181 1372 1254 1424 vias
1269 1352 1503 1445 providentia
1517 1354 1589 1430 Dei
1603 1363 1646 1442 in

529 1457 665 1533 niendis
685 1451 986 1551 persecutoribus,
1017 1446 1051 1520 dt
1074 1468 1129 1519 res
1254 1445 1400 1524 Davidis
1414 1452 1646 1545 adjudicium

475 1576 517 1630 m
536 1555 679 1629 Saulum
698 1576 739 1626 ac
760 1550 905 1625 domurn
927 1547 1023 1639 eius,
1046 1542 1123 1616 Mes
1136 1566 1176 1615 ta
1189 1565 1279 1619 vero
1296 1547 1439 1622 ratione
1455 1550 1578 1641 latius,
1603 1555 1643 1631 in

474 1648 592 1747 specie
607 1652 650 1724 ad
662 1649 832 1742 judicium
847 1647 884 1721 in
896 1640 1644 1743 Syro-Macedonas,dtimpi0sJudaeorum‚

474 1749 697 1843 temporibus
726 1742 969 1819 Maccabaicis.
1031 1736 1148 1835 Eligat
1176 1760 1279 1833 qun,
1314 1740 1410 1834 quod
1429 1745 1493 1818 fibi
1513 1746 1644 1823 sedilus

473 1844 585 1919 fuerit
606 1844 738 1933 visum,
769 1840 854 1915 mihi
875 1838 1026 1913 maxime
1036 1842 1133 1931 prius
1146 1836 1283 1931 placet,
1308 1840 1406 1933 quod
1418 1840 1521 1937 supra
1532 1866 1642 1937 expo-

473 1940 547 2031 sui,
572 1956 737 2035 tanquam
753 1936 890 2011 facilius
905 1932 1126 2009 &orationis
1140 1932 1243 2009 seriei
1255 1939 1529 2034 congruentius,
1553 1940 1641 2016 licet

464 2036 625 2137 pulcrius
639 2060 714 2112 non
725 2038 827 2131 plane
842 2034 1014 2129 spernam.
1093 2078 1096 2082 ·
1155 2086 1164 2102 ,

491 2132 494 2139 ’
523 2140 556 2227 §.
571 2133 699 2210 XLIV.
749 2140 781 2209 t.
807 2130 957 2235 Quartus
969 2130 1136 2207 articulus
1149 2134 1641 2215 eontinetobdurationemin

474 2234 652 2330 peccatis,
676 2232 830 2326 indeque
851 2246 967 2306 ortam
988 2230 1226 2324 privationem
1237 2229 1378 2324 iustitia
1390 2234 1480 2323 Dei,
1506 2239 1544 2311 in
1557 2244 1643 2331 pec,

474 2332 560 2406 catis
581 2328 823 2403 condonandis
844 2328 878 2399 dt
899 2330 974 2400 vita
988 2327 1099 2401 danda
1112 2326 1328 2421 conspicuae,
1353 2346 1517 2421 tanquam
1539 2332 1641 2404 triste
1677 2412 1686 2419 ι

474 2423 695 2517 consequens
722 2423 993 2515 resipiscentia,
1030 2424 1109 2519 ipsis
1129 2440 1291 2519 tempore
1313 2441 1519 2520 opportuno
1539 2427 1637 2500 obla·

474 2532 542 2609 tae,
581 2518 731 2614 spretaet
769 2520 806 2593 in
830 2539 934 2613 quem
960 2518 1088 2597 statum
1106 2522 1219 2615 Judaei
1239 2521 1318 2617 post
1339 2523 1512 2606 excidium
1533 2524 1641 2617 reip,

312 2626 334 2715 ἰ
474 2617 586 2693 modo
598 2632 856 2704 memoratum,
873 2616 1093 2707 inciderunt,
1117 2620 1210 2696 vers.
1227 2624 1285 2696 28.
1301 2620 1354 2693 bis
1366 2620 1506 2695 verbis:
1523 2621 1563 2691 du
1576 2624 1644 2691 ini-¹

473 2720 632 2813 quitatem
641 2711 743 2811 super
766 2718 973 2809 iniquitatem
990 2737 1120 2804 eorum,
1154 2717 1199 2801 ὅ)
1221 2743 1263 2792 ue
1278 2724 1418 2793 ueniant
1431 2723 1468 2790 in
1484 2732 1575 2789 tuam
1584 2717 1644 2812 ju,

467 2809 622 2909 ditium,
648 2812 682 2885 h.
700 2834 733 2887 e.
749 2812 937 2907 permitte,
963 2834 1031 2888 nec
1046 2816 1322 2903 extraordinaria
1334 2817 1443 2912 gratia
1455 2814 1645 2889 miraeum

475 2908 511 2987 se
546 2910 762 2986 intervenias
795 2932 837 2984 ac
871 2911 1069 3005 impedias,
1111 2911 1171 2983 sed
1196 2911 1295 2992 fine,
1342 2927 1383 2982 ut
1408 2925 1554 2999 peccata
1581 2911 1642 2982 ad·

476 3008 561 3085 dant
596 3008 775 3102 peccatis,
823 3030 935 3101 eaque
970 3010 1106 3078 ratione
1138 2998 1272 3089 justitia
1305 3014 1365 3071 tua
1397 2998 1642 3096 Justificante,

476 3104 730 3197 poenitentibus
751 3102 932 3199 promissa,
957 3096 1208 3182 excludantur,
1233 3109 1376 3188 tuaeque
1398 3098 1458 3170 irae
1472 3118 1642 3177 maneant

475 3200 648 3273 continua
660 3200 807 3295 objedia.
857 3195 1035 3294 Judicium
1055 3189 1263 3265 describitur
1275 3193 1521 3271 obdurationis
1537 3198 1573 3271 dt
1586 3222 1643 3273 ex-

478 3298 703 3388 caecutionis,
742 3300 895 3391 indeque
923 3310 1014 3369 ortae
1038 3288 1250 3388 privationis
1271 3288 1414 3383 Justitiae
1435 3293 1534 3383 Dei,
1572 3318 1646 3389 qua·

357 3391 362 3411 “
475 3410 684 3567 peccatores
709 3396 879 3483 absolvit,
917 3392 1018 3467 &ad
1038 3388 1332 3465 communionem
1346 3388 1441 3465 suam
1461 3391 1640 3482 admittit,

501 3494 632 3568 ostibus
651 3494 781 3566 Meffiae
806 3490 1055 3591 infligendum,
1088 3486 1315 3583 posteaquam
1352 3490 1476 3564 retiam
1487 3488 1564 3583 ipsis
1576 3491 1640 3562 ob·

475 3590 581 3667 latam
596 3602 765 3682 proterve
780 3608 1013 3683 respuerunt,
1038 3604 1183 3676 contra,
1209 3588 1247 3661 in
1261 3512 1384 3660 Meffia
1396 3586 1641 3681 persequendo

398 3756 403 3764 .
477 3688 770 3780 perseverarunt,
797 3700 960 3781 tempore
974 3684 1271 3782 longanimitatis,
1294 3706 1315 3756 a
1335 3684 1419 3759 Deo
1440 3683 1517 3779 ipsis
1530 3682 1641 3779 praeli-

478 3806 553 3869 xo,
585 3779 747 3879 negledto
773 3780 808 3852 dt
823 3778 939 3857 finito.
989 3782 1071 3880 Qua
1094 3785 1233 3856 ratione
1252 3779 1279 3852 fi
1302 3784 1413 3855 verba
1430 3784 1641 3878 capiantur,

365 3966 377 3975 .
477 3878 719 3955 &secundum
733 3878 857 3954 seriem
871 3879 1060 3966 versuum,
1085 3879 1219 3953 anobis
1229 3874 1425 3965 ostensam,
1442 3881 1642 3957 referantur

477 3980 522 4055 ad
546 3976 672 4052 statum
692 3977 915 4069 Judaeorum,
940 3975 1020 4069 post
1033 3976 1120 4049 iram
1137 3975 1207 4047 Dei
1221 3975 1258 4046 in
1272 3995 1335 4047 eos
1350 3976 1521 4065 effusam,
1555 3978 1646 4053 nihil

476 4074 609 4171 habent
628 4070 858 4165 difficultatis3
885 4094 989 4162 cum,
1008 4070 1143 4166 judicio
1166 4069 1410 4148 obdurationis
1428 4070 1530 4146 fuisse
1550 4084 1646 4239 (τὲιηό

1051 4224 1056 4229 -
1495 4186 1549 4242 tra
1586 4186 1645 4247 tob
