3900 5117
438 628 504 688 ao
567 609 604 689 t
651 611 674 689 S
720 609 756 688 A
805 609 837 686 L
883 609 955 687 M.
1009 606 1204 694 LXXVHI:
1233 636 1288 695 12.
1387 637 1462 718 537

282 808 504 897 censentur,
543 803 633 881 vers.
670 829 839 900 12-40.
882 833 912 881 ι.
947 807 1107 907 ipsorum
1140 809 1461 910 Ephraimitarum,

278 909 378 986 everi.
400 905 564 997 41-64.
621 930 648 978 a.
668 903 787 980 Lectus
812 906 924 980 exitus
945 907 1106 1002 respetlu
1126 907 1225 1004 Judae
1241 909 1301 984 sub
1318 911 1462 988 Davide

268 1004 538 1102 ¹subjungitur,
576 999 665 1075 vers.
687 1005 860 1098 65-72.
905 1031 935 1078 e.
956 1003 998 1078 In
1018 1021 1178 1098 patrum,
1213 1007 1274 1080 scu
1294 1007 1462 1106 progeni-

288 1117 430 1188 torum,
455 1099 620 1193 exemplo
641 1099 835 1190 tradendo,
860 1113 983 1174 orator
1003 1099 1282 1200 iignapotentiae
1298 1127 1339 1178 ac
1353 1105 1456 1180 boni·-

290 1203 373 1278 tatis
394 1199 463 1271 Dei
491 1197 528 1269 in
549 1218 677 1270 eorum
704 1196 870 1295 gratiam,
894 1193 1090 1291 eorumque
1112 1203 1462 1294 murmurationem,

166 1291 173 1306 “
288 1294 570 1382 contumaciam,
585 1294 621 1365 te
736 1293 856 1383 crifin,
876 1295 915 1370 in
927 1292 1069 1368 deserto
1084 1314 1148 1388 per
1160 1299 1278 1370 varios
1293 1299 1462 1375 articulos

289 1392 366 1470 fuse
395 1390 551 1484 exponit.
601 1420 638 1466 a.
717 1397 801 1464 imus
828 1391 1099 1486 comprehendit
1122 1391 1265 1467 illustria
1284 1394 1354 1468 Dei
1376 1397 1462 1470 faci·

290 1511 380 1569 nora
391 1489 435 1562 te
449 1483 623 1561 beneficia
636 1488 673 1561 in
687 1491 837 1582 majores
850 1487 980 1563 comta
998 1488 1035 1560 in
1052 1487 1240 1588 Aegypto,
1265 1490 1350 1566 &in
1365 1496 1461 1585 pria·

289 1588 388 1682 cipio
408 1607 517 1661 morae
536 1586 584 1658 >in
614 1583 756 1659 deserto
788 1583 948 1673 Arabiae,
979 1583 1070 1658 vers.
1104 1589 1262 1662 12-1-6.
1318 1587 1359 1660 ln
1389 1584 1461 1681 qua

291 1685 463 1782 pericopa
495 1705 528 1756 a.
541 1679 714 1756 mirabilia
726 1682 798 1756 Dei
814 1677 980 1776 operi-in
993 1681 1161 1780 Aegypto
1182 1685 1296 1756 verbo
1310 1698 1464 1781 tangun-

292 1797 373 1869 tur,
389 1780 469 1874 quia
483 1779 520 1854 in
536 1777 606 1871 seq.
622 1780 713 1855 vers.
726 1803 785 1874 43.
795 1779 914 1854 &cca
929 1779 1098 1872 prolixius
1113 1778 1297 1853 recensere
1306 1780 1466 1857 volebat.

292 1878 416 1970 Verba
437 1879 487 1951 ita
507 1877 659 1968 habent,
685 1879 774 1950 vers.
794 1885 856 1950 tt.
881 1875 997 1948 Coram
1013 1875 1164 1972 patribus
1185 1873 1386 1967 mnonfecit
1400 1878 1463 1952 mi·

291 1979 395 2050 cubile
416 1979 454 2048 in
475 1987 566 2045 terre
587 1971 756 2072 Aegypti,
784 1995 865 2069 egro
891 1969 1048 2068 Tfoenis.¹
1093 1971 1279 2066 inquibus
1299 1993 1383 2047 cum
1404 1995 1465 2070 pa·

294 2093 374 2148 rum
393 2070 436 2143 fit
458 2067 622 2159 difficilis,
651 2071 763 2144 verbo
789 2086 867 2144 not.
892 2087 924 2144 1.
943 2081 1127 2148 oratorem
1147 2091 1221 2144 non
1234 2069 1380 2159 dicere,
1405 2079 1467 2146 cd.

296 2191 371 2243 ram
390 2167 545 2241 Patribus
569 2165 705 2261 amieis,
731 2166 782 2241 uti
796 2165 887 2240 vers.
903 2187 935 2260 3.
954 2164 1015 2266 sed
1031 2189 1156 2257 eorem,
1172 2165 1217 2240 sc.
1232 2157 1464 2264 Eplr'raimitai

235 2350 240 2358 .
297 2285 398 2353 tum,
429 2263 540 2338 modo
558 2269 857 2353 memoratorum,
899 2262 1066 2357 quia-eos
1093 2261 1236 2340 Petrum
1263 2265 1467 2358 exemplum

295 2382 449 2458 pravum
474 2360 630 2435 imitatos
654 2361 725 2436 elie
746 2361 907 2449 dixerat,
948 2380 1101 2452 eumque
1128 2360 1165 2436 in
1193 2358 1301 2434 finem
1322 2359 1468 2438 Petrum

293 2459 498 2552 exemplum
520 2458 705 2532 citaverat.
754 2477 787 2530 2.
803 2454 925 2529 Facere
941 2460 1091 2530 mirabile
1111 2479 1185 2532 non
1208 2455 1260 2532 est
1274 2477 1387 2533 unum
1405 2455 1468 2530 ali-

288 2553 415 2647 quod,
446 2551 505 2625 sed
523 2554 661 2628 varium
681 2553 716 2628 dt
736 2553 922 2648 multiplex
942 2553 1083 2645 facere,
1109 2577 1215 2648 quare
1238 2556 1275 2629 in
1296 2555 1385 2649 plur.
1406 2575 1469 2628 oo·

297 2661 449 2722 currunt
471 2646 571 2744 figere
591 2649 625 2721 dt
642 2665 817 2746 portenta,
854 2649 943 2726 vers.
964 2674 1023 2746 43.
1065 2675 1098 2746 3.
1126 2649 1230 2725 Terra
1249 2651 1399 2748 Aegypti
1422 2645 1469 2732 δ’

300 2769 381 2842 ager
405 2741 539 2838 Tyrants
558 2763 804 2836 memoratur,
835 2761 877 2822 ut
896 2747 941 2820 de
963 2765 1041 2822 totu
1062 2751 1252 2846 Aegypto,
1286 2747 1474 2840 superiore

294 2863 374 2917 non
397 2857 534 2916 tantum
554 2840 614 2914 sed
628 2843 662 2916 dt
675 2843 868 2933 inferiore,
881 2845 1133 2940 cogitaremus.
1159 2845 1314 2937 superii?
1334 2839 1471 2936 Aegii·
1625 2853 1627 2858 ¹

299 2949 356 3011 tut
372 2937 504 3026 eximie
528 2951 618 3012 terra
636 2937 788 3039 Aegypti
802 2940 1018 3034 adpellatur,
1043 2939 1115 3011 five
1126 2938 1225 3030 quod
1239 2935 1475 3028 antiquiiinne‘

297 3033 409 3110 fuerit
424 3035 609 3114 hominum
622 3037 742 3126 sedes,
757 3039 831 3113 sive
846 3037 942 3132 quod
954 3037 1054 3134 regni
1068 3033 1164 3108 sedes
1181 3031 1288 3120 esset,
1305 3054 1382 3124 quae
1396 3031 1471 3108 fuit

297 3151 461 3223 tempore
475 3131 638 3226 Josephi,
662 3136 697 3208 u
709 3135 842 3226 Mosts,
863 3133 1051 3231 Memphis,
1068 3135 1125 3207 vel
1140 3131 1338 3226 Heliopolis
1353 3147 1385 3204 a.
1410 3126 1485 3231 In·-

292 3228 405 3326 ferier
426 3246 515 3299 vero
535 3229 679 3302 videtur
697 3253 834 3307 nomen
856 3239 933 3329 egri
946 3227 1004 3306 vel
1020 3230 1191 3308 territorii
1210 3227 1313 3323 Tfiam
1333 3223 1473 3316 tuliffe,

297 3321 502 3420 aprimaria
525 3323 599 3411 ejus
619 3327 711 3395 urbe
737 3325 852 3416 Teni,
890 3351 968 3422 quae
996 3349 1130 3404 nomen
1156 3325 1256 3402 dedit
1279 3323 1370 3400 ostio
1393 3321 1473 3402 Nili

304 3423 479 3508 Tanitico,
504 3418 669 3512 proximo
684 3413 880 3514 Peleytaeo,
904 3426 1032 3500 ultimo
1045 3422 1220 3501 orientali.
1270 3421 1357 3496 Eam
1374 3419 1474 3494 enim

300 3520 429 3596 urbem
450 3514 599 3612 intelligi
618 3513 760 3589 constat
775 3532 814 3607 ὸς
840 3540 915 3593 non
934 3537 1054 3596 tamen
1075 3525 1183 3594 urbem
1202 3520 1295 3591 illam
1309 3512 1471 3609 srmplici

301 3629 359 3693 ter
391 3613 451 3688 sed
470 3611 578 3707 ipsam
597 3625 729 3687 terram
750 3612 932 3711 Aegypti,
968 3617 1051 3690 inde
1077 3617 1367 3706 denominatam,
1405 3611 1469 3686 ob·

302 3713 460 3792 servavit
473 3712 543 3803 iam
556 3707 737 3804 Jablonski
756 3742 782 3785 c.
1093 3707 1103 3730 ‘
1565 3715 1568 3722 '

355 3815 389 3902 §.
410 3806 537 3883 XXlll.
596 3809 626 3880 la
650 3805 817 3900 Sequitur
837 3807 963 3883 ordine
989 3805 1216 3884 miraculosus
1235 3805 1474 3902 nantenspec

307 3923 406 3990 mare
434 3907 601 3996 rubrum,
632 3901 724 3982 vers.
751 3923 807 4001 13.
832 3901 926 3980 didit
947 3931 1055 3998 mere,
1081 3925 1188 4000 eosque
1211 3902 1477 4000 mansuefecit,

931 4001 1025 4100 Vua

317 4121 323 4128 ’
359 4131 476 4202 aura
514 4129 565 4203 cr.
594 4130 831 4222 Jauonsnae
857 4117 956 4205 tem‘
974 4129 1096 4198 nosen.
1180 4159 1187 4170 ,
1225 4132 1249 4198 t·
1264 4129 1479 4229 vnxprater

312 4213 577 4308 tiios‚Vitrioga
592 4216 709 4304 adJes.
723 4235 794 4289 xix:
810 4236 861 4288 11.
954 4235 970 4286 c
992 4215 1075 4290 ibid.
1094 4211 1162 4286 dill.
1184 4233 1231 4285 11.
1248 4237 1282 4306 p.
1302 4235 1352 4298 ¹9·
