3900 5117
564 596 633 668 552
736 558 1545 644 comoramanatus

565 769 654 845 sors.
676 788 734 858 41.
756 788 830 839 non
853 785 998 840 maneae
1016 763 1054 836 in
1068 777 1209 858 patrum
1223 760 1409 853 exemplo,
1435 757 1493 832 sed
1515 759 1558 833 ad
1571 757 1731 854 posteros

566 888 691 940 corum
705 863 872 950 transire,
888 860 1102 936 inCananaea
1112 861 1184 952 jam
1198 859 1387 954 degentes,
1402 855 1728 948 quodnonnullire·

565 962 618 1035 tie
642 961 828 1047 viderunt,
853 954 1150 1046 manifestumest
1176 976 1210 1028 a„
1231 975 1275 1028 ex
1294 975 1388 1028 trote
1403 951 1538 1048 deserti,
1564 955 1654 1031 vers.
1670 979 1731 1050 40.

566 1057 722 1152 expresse
743 1057 876 1144 addita,
910 1070 951 1128 ut
970 1051 1057 1141 eos,
1086 1047 1150 1146 squi
1172 1051 1302 1126 iterum
1329 1063 1513 1126 tentarunt
1539 1049 1678 1143 Deum,
1710 1079 1730 1131 a

562 1155 719 1250 patribus
740 1154 777 1226 in
799 1151 938 1226 deserto
962 1151 1261 1247 distingueremus.
1312 1169 1344 1222 a„
1358 1145 1453 1246 Quia
1465 1147 1502 1224 in
1516 1149 1730 1228 mirabilium

562 1252 636 1325 Dei
658 1249 883 1339 recensione,
908 1269 985 1342 quae
1006 1247 1184 1340 sequitur,
1209 1246 1331 1319 locum
1345 1265 1486 1338 quoque
1502 1260 1605 1320 tenet
1618 1249 1729 1325 intro-
1761 1264 1763 1267 ’
1857 1300 1862 1314 ,

563 1345 681 1421 duitio
701 1349 739 1421 in
758 1345 983 1433 Cananaeant,
1017 1365 1168 1438 quorum
1188 1363 1264 1416 non
1289 1340 1431 1416 sueram
1450 1343 1628 1418 recordati
1658 1345 1731 1439 iiii,
1769 1392 1779 1419 t

565 1446 608 1520 de
632 1441 760 1540 quibus
774 1443 832 1516 hic
846 1444 1014 1536 loquitur.
1039 1463 1075 1535 3.
1090 1437 1258 1538 Quiaeos
1272 1460 1292 1511 a
1308 1439 1463 1532 patribus
1476 1441 1515 1514 in
1528 1437 1732 1520 deserendi.-

563 1542 657 1617 serte
687 1539 885 1638 distinguit,
916 1536 1006 1612 vers.
1035 1557 1092 1630 57.
1142 1535 1184 1610 ln
1205 1536 1323 1610 verbis
1344 1557 1466 1630 parum
1492 1535 1543 1610 est
1568 1535 1730 1632 difficile,

564 1639 627 1715 nist
645 1639 682 1714 in
704 1641 817 1713 verbo
838 1637 986 1721 ultimo,
1020 1631 1110 1707 vers.
1133 1655 1192 1724 41.
1239 1631 1396 1706 sanaim
1413 1631 1548 1706 Israelis
1564 1663 1645 1710 rna.
1660 1657 1731 1712 ixx

565 1735 793 1809 reddiderunt
816 1733 1031 1827 παφόξυναν,
1055 1729 1213 1804 fimiliter
1226 1728 1305 1802 fere
1319 1730 1416 1822 Syr.;
1441 1729 1610 1806 videntur
1630 1734 1732 1830 legis·

555 1832 621 1921 se,
637 1832 696 1914 vel
708 1830 898 1929 legendum
912 1825 1099 1917 censuisse,
1115 1853 1193 1902 rut-r
1211 1849 1231 1898 a
1252 1855 1313 1913 rm,
1329 1826 1426 1919 quod
1438 1849 1512 1901 non
1526 1827 1624 1903 soret
1639 1829 1731 1924 sper.

562 1927 740 2004 nenduma
756 1925 854 2000 cons.
880 1923 968 1997 vers
988 1923 1046 2013 sd
1090 1921 1280 2008 Sedsediio
1294 1921 1424 1996 Masor.
1440 1921 1534 1998 reite
1549 1923 1729 2020 servanti,

565 2026 601 2098 d:
630 2021 768 2099 sensum
796 2021 914 2096 sundit
933 2018 1013 2094 fitis
1033 2019 1295 2111 commodum,
1322 2042 1394 2113 quo
1419 2019 1634 2113 declaratur,
1666 2045 1731 2101 eos

557 2119 694 2236 Deum
708 2119 854 2233 tentasse
873 2115 1043 2214 ponendo
1065 2123 1078 2188 i
1078 2115 1127 2287 [a
1147 2120 1285 2208 limites,
1310 2115 1391 2190 -iive
1414 2118 1509 2230 quod
1524 2121 1727 2214 potentiam

510 2262 512 2274 '
565 2220 889 2400 dissidii,
910 2211 1731 2410 satiastis‚tassimata

563 2412 718 2484 vidimus
745 2412 784 2483 in
803 2409 942 2482 deserto
963 2407 1113 2497 fastum,
1149 2406 1238 2483 vers
1261 2429 1317 2504 aa
1381 2408 1448 2486 Cui
1467 2409 1556 2484 sicut
1576 2411 1726 2493 verbum
1788 2415 1796 2426 “

562 2519 712 2592 tentare,
751 2506 847 2597 quod
875 2503 1071 2598 precedit,
1111 2503 1203 2578 neate
1226 2507 1419 2596 convenit,
1447 2506 1499 2582 ita
1521 2505 1723 2601 sequentia,

366 2665 371 2674 .
432 2641 439 2649 -
558 2601 645 2690 ubi,
670 2599 715 2675 ad
729 2602 921 2676 vanitatem
936 2601 1140 2677 tentationis
1154 2601 1477 2696 demonstrandam,
1499 2605 1726 2682 recensentur

561 2697 772 2774 miraculosa
784 2697 856 2773 Dei
867 2699 999 2792 judicia
1010 2699 1050 2773 *in
1065 2699 1232 2796 Aegypto
1246 2699 1283 2772 &a
1292 2697 1479 2796 deinceps,
1500 2697 1724 2780 com‘irmant.

561 2793 682 2870 Posset
695 2815 837 2892 quoque
860 2795 1014 2886 censeri,
1041 2796 1188 2894 digitum
1203 2797 1301 2872 simul
1316 2798 1453 2875 intendi
1466 2799 1509 2874 ad
1522 2797 1639 2890 idola,
1664 2800 1724 2876 seu

557 2889 688 2990 figuras
716 2894 965 2993 didragmas,
991 2893 1114 2988 quibus
1138 2887 1380 2988 expresserunt
1395 2895 1532 2987 Deum3
1558 2897 1659 2987 quus
1672 2901 1725 2970 rei

560 2991 702 3066 mentio
724 2989 767 3063 fit
790 2991 883 3066 vers.
906 2995 964 3081 58.
1014 2991 1127 3063 Radix
1148 2992 1244 3064 enim
1264 3009 1403 3081 quoque
1415 2988 1574 3087 signare,
1598 2990 1725 3091 figmas
1813 3043 1819 3051 -

562 3087 707 3171 facere,
723 3087 891 3175 denotat,
914 3087 966 3158 uti
993 3085 1206 3159 18am.xv1:
1225 3107 1279 3175 14.
1565 3143 1567 3150 -
1643 3113 1646 3118 ¹
1749 3111 1753 3119 ’

611 3187 643 3270 g.
666 3179 829 3253 XXXVI.
878 3187 914 3267 β.
939 3179 1030 3278 Quae
1053 3181 1203 3254 tentatio
1222 3196 1409 3276 antequam
1430 3187 1642 3280 deducatur,
1672 3193 1724 3270 in·

556 3274 744 3350 terseritur
760 3276 869 3371 ionga
881 3274 1040 3348 recenslo
1052 3297 1135 3351 tum
1149 3278 1359 3357 mirabssium
1374 3285 1584 3374 judiciorum
1601 3287 1670 3365 Dei
1683 3291 1722 3366 in

560 3369 705 3459 hostes,
731 3368 1006 3467 &Aegyptios‚
1029 3387 1107 3450 tum
1134 3373 1388 3454 beneficiorum
1408 3381 1447 3456 in
1465 3383 1627 3461 israelem
1640 3401 1722 3462 ante

555 3469 789 3558 collatorum3
800 3489 948 3561 quorum
965 3468 1184 3547 oblivionem
1195 3488 1338 3568 turpem
1352 3477 1385 3550 dt
1400 3479 1569 3578 ingratam
1580 3481 1722 3575 Ephrai-

555 3567 654 3640 mitis
675 3565 844 3658 imputat,
870 3566 929 3659 qui
953 3563 1072 3640 Deum
1086 3568 1154 3642 aust
1169 3569 1303 3646 fuerint
1317 3587 1476 3667 tentare,
1500 3579 1643 3672 ejusque
1658 3605 1721 3676 po-

557 3661 760 3736 tentiam&
785 3661 947 3737 savorem
967 3685 1051 3760 erga
1070 3667 1240 3760 populum
1264 3668 1467 3748 indubium
1495 3697 1645 3767 vocare,
1677 3701 1719 3754 ac

434 3774 443 3844 j
556 3757 620 3848 ipsi
643 3758 789 3834 modum
812 3757 1064 3852 praesctibere,
1103 3785 1174 3857 quo
1203 3765 1374 3856 populum
1401 3767 1550 3858 liberare
1577 3773 1717 3854 debeat.

553 3853 694 3928 Tendit
714 3856 830 3950 itaque
853 3857 927 3931 haec
947 3858 1133 3950 pericopa,
1172 3861 1263 3954 q'uas1
1276 3864 1535 3955 parenthetica,
1560 3869 1602 3942 ad
1617 3893 1680 3946 exa
1704 3921 1717 3937 -
1749 3909 1754 3920 ·
1790 3922 1801 3942 ι

554 3953 748 4048 gerandum
768 3953 901 4027 crimen
924 3957 1128 4028 tentationis
1143 3955 1235 4048 Dei,
1261 3979 1342 4032 cum
1357 3959 1484 4036 summa
1498 3963 1716 4058 ingratitudi-

552 4067 622 4135 ne,
638 4069 705 4142 qua
718 4069 869 4142 operum
881 4049 952 4123 Dei
964 4050 1067 4150 obliti
1080 4065 1202 4146 erant,
1228 4054 1465 4149 conjunttuaa
1491 4057 1608 4138 Partes
1621 4067 1715 4158 peri·

810 4229 813 4235 .
1485 4196 1492 4208 ·
1653 4182 1715 4240 co·
