3900 5117
1436 144 1589 160 --—-—..3.,

365 648 368 655 ¹
469 571 533 631 iu
601 545 785 625 esau
829 544 863 621 t
910 544 971 651 un
1017 530 1194 645 -titrtxt
1222 557 1309 649 ,a
1400 564 1478 673 a„
1618 608 1622 615 .

304 750 421 850 quod,
444 747 536 821 lictu
550 742 651 841 ‘apud
669 742 811 838 Judaeos
830 743 969 819 necelse
993 767 1070 821 non
1091 764 1188 837 erat,
1216 750 1267 825 ita
1278 755 1373 847 apud
1393 758 1470 831 reli.

306 873 391 946 quas
413 847 525 937 tribus
538 844 571 935 dt
586 842 691 931 utile,
716 837 1010 918 &neceffariunn
1027 908 1035 925 .
1057 840 1152 921 Cum
1166 846 1261 920 enim
1277 851 1398 927 ritibus
1410 878 1471 948 pq.

303 948 383 1024 triis
406 966 425 1016 a
446 944 556 1040 longo
575 937 836 1013 renunciassent
854 938 1103 1032 Ephraimitae5
1131 943 1244 1019 uideri
1259 944 1397 1039 pollent
1410 948 1470 1023 vel

300 1041 529 1141 obligationis
560 1037 690 1128 obliti,
721 1036 784 1108 vel
813 1033 878 1107 fibi
901 1057 995 1108 curae
1016 1057 1095 1111 non
1118 1038 1188 1113 elle
1208 1064 1334 1118 eorum
1356 1046 1472 1121 obser-

305 1144 460 1217 vantium
483 1133 628 1232 putalle.
679 1130 799 1233 Quare
818 1132 1111 1227 operaepretium
1125 1151 1221 1226 erat,
1245 1138 1473 1219 festiinstrtu-

306 1241 462 1325 tionem,
492 1236 638 1329 ejusque
658 1233 834 1328 originem
854 1228 888 1303 ἃ
908 1228 1104 1321 rationem,
1132 1230 1178 1303 iis
1198 1236 1246 1306 ob
1268 1239 1391 1313 oculos
1410 1264 1473 1335 po·

303 1358 404 1415 nere.
455 1328 584 1410 Psaltes
605 1332 724 1423 itaque
740 1329 798 1403 hic
811 1327 965 1430 declarat
1018 1348 1050 1403 t.
1075 1322 1205 1403 festum
1219 1328 1289 1405 hoc
1304 1335 1346 1407 ad
1361 1340 1473 1431 publi.

303 1458 346 1511 ca
367 1432 484 1507 -totius
501 1424 636 1524 'pupuli
647 1426 779 1522 flatura
799 1424 979 1519 pertinere
1029 1444 1062 1499 n.
1088 1422 1207 1499 facere
1238 1442 1375 1519 partem
1406 1436 1473 1510 cul.
1532 1460 1535 1465 ·

301 1547 358 1605 tut
376 1529 448 1603 Dei
476 1524 603 1621 Jacobi
653 1548 686 1619 3.
712 1520 914 1599 institutum
942 1521 981 1599 in
1006 1522 1215 1599 memoriam
1241 1523 1473 1613 redemtionis

298 1628 427 1723 populi
440 1648 462 1697 a
475 1624 647 1697 servitute
664 1621 896 1719 Aegyptiaca.
1179 1675 1186 1687 s

194 1792 201 1802 ,
331 1730 382 1815 ς.
397 1722 474 1797 Xll.
529 1743 562 1819 1.v
583 1718 743 1797 Primum
762 1718 837 1807 hac
856 1716 967 1791 verba
989 1712 1197 1813 continent,
1223 1726 1300 1818 quia
1305 1716 1474 1817 flaturum

299 1821 437 1898 Israelis
448 1824 524 1909 hac,
550 1817 596 1893 se
612 1814 743 1893 festum
756 1807 921 1909 nestrum,
946 1816 1044 1917 quod
1057 1814 1276 1913 precelleret
1292 1823 1474 1914 proxime.

298 1922 412 2011 Sunt,
434 1920 499 2013 qui
517 1916 562 1991 ad
581 1912 835 2011 laetitiaellgua
847 1913 1032 2005 referunt,
1057 1914 1117 1991 sad
1131 1914 1257 1993 rectius
1268 1916 1472 2013 adfestum,

299 2037 378 2093 tum
402 2016 499 2111 quod
519 2037 602 2090 cum
622 2035 668 2089 eo
694 2010 840 2107 propius
863 2012 1062 2104 cohaereat,
1090 2028 1171 2091 tum
1192 2016 1288 2109 quod
1306 2016 1351 2091 de
1366 2017 1473 2112 ipsius

281 2113 380 2207 ‚festi
402 2113 666 2203 celebratione,
692 2108 815 2209 &non
830 2110 874 2183 de
889 2112 997 2202 modo,
1024 2132 1096 2205 quo
1112 2110 1362 2191 celebrandurn
1378 2128 1475 2224 eraq,

297 2206 485 2303 difficultas
497 2208 637 2287 moveri
649 2206 775 2305 pollet.
807 2208 984 2281 staturum
998 2202 1139 2309 dsraelir
1153 2212 1473 2307 cumadpellatur„

299 2329 378 2385 non
401 2308 446 2381 de
467 2310 720 2403 qualicunque,
751 2300 813 2379 sed
830 2308 959 2401 publice
980 2307 1105 2401 populi
1123 2310 1235 2385 totius
1249 2308 1401 2403 statuto,
1429 2310 1474 2395 a'd
1623 2352 1626 2359 ·

296 2404 467 2481 lsraelem
482 2428 580 2499 aeque
594 2430 636 2481 ac
653 2397 778 2500 Judam
791 2404 1016 2499 pertinente,
1041 2404 1270 2504 cogitandum
1286 2406 1346 2483 est.
1388 2406 1474 2483 Vox

186 2538 193 2548 ¹
297 2501 397 2579 enim
417 2502 531 2579 Hebri
625 2500 807 2593 aradice,
840 2524 917 2597 quae
936 2502 1084 2597 proprie
1109 2502 1217 2595 dicit,
1256 2500 1393 2603 rulpfit,
1420 2526 1473 2579 ta·

300 2602 410 2675 vando
436 2603 582 2692 incidit,
617 2598 719 2675 inlita
745 2598 804 2676 sua
834 2596 1011 2695 potestate
1031 2604 1200 2699 publicum
1276 2616 1472 2774 gerperuum

288 2696 672 2795 -statutumexprirnit,
705 2698 836 2793 quippe
859 2696 1007 2792 quodin
1021 2721 1068 2774 ees
1082 2698 1251 2796 insculpi,
1323 2700 1470 2794 publice

302 2794 357 2871 affi
381 2796 534 2874 isolean
585 2792 999 2881 Ctmradditurlsraelir,
1023 2796 1219 2883 indicatur,
1244 2796 1475 2891 universi‘po.

196 2892 202 2901 ’
291 2896 374 2990 puli
387 2894 458 2969 effe
471 2890 890 2985 statutum3adpellarunt
904 2887 996 2961 vers.
1011 2890 1162 2982 praeced.
1172 2887 1470 2984 fqiumrzostrum,

276 2962 436 3083 *utpote
448 2991 706 3085 Hierosolymis
730 2984 1004 3075 celebrandum
1034 2982 1093 3059 sed
1107 3006 1154 3059 ne
1168 2976 1290 3081 aJuda
1303 2996 1469 3077 tantum,

299 3083 335 3155 n
347 3108 423 3161 non
438 3088 585 3179 lsraele,
610 3087 687 3185 quis
700 3099 863 3184 putatet,
878 3082 936 3160 hic
948 3080 1085 3159 Israelis
1100 3079 1169 3157 elle
1177 3080 1344 3179 statutum
1357 3080 1470 3161 decla-

299 3193 369 3256 rat.
458 3242 463 3249 .
993 3240 996 3249 .

349 3281 382 3371 §.
397 3266 492 3351 Xlll.
542 3302 578 3355 n.
601 3283 672 3361 Sed
697 3280 792 3361 unde
813 3282 1014 3382 profeilunr
1031 3294 1108 3359 erat
1119 3280 1190 3359 hoc
1204 3278 1400 3362 statutum?
1424 3268 1472 3371 ab
1615 3252 1620 3281 ’

255 3374 1382 3577 ·uldila‚maddatlatildllldrlltll
1399 3380 1471 3564 lli

157 3618 163 3626 -
296 3569 476 3666 posterius
497 3586 619 3647 tamen
634 3569 754 3647 adfert
777 3576 837 3647 lon
863 3562 1090 3668 emaioretn5
1115 3596 1221 3669 quare
1243 3570 1403 3659 additur,
1434 3574 1470 3662 't'-

297 3670 436 3765 quidum
450 3670 508 3762 jur
531 3668 601 3743 Dei
623 3662 764 3767 Jacoii,
797 3600 876 3759 vei,
907 3673 948 3745 tit
974 3672 1199 3747 accentuatio
1228 3669 1262 3739 dt
1287 3664 1469 3761 punilatio

300 3763 541 3843 Musorethica
559 3766 689 3858 habet,
721 3760 794 3842 Dee
818 3754 939 3867 Jacoli
951 3814 965 3855 ,
997 3768 1032 3841 h.
1059 3791 1092 3842 e.
1111 3770 1148 3841 in
1173 3767 1348 3840 honorem
1370 3764 1470 3855 Dei,

301 3864 376 3956 ius,
403 3864 500 3958 quud
521 3862 595 3937 -Deo
615 3864 805 3959 debemus,
830 3887 912 3941 cum
933 3862 1068 3958 abyipso
1081 3861 1122 3938 sit
1136 3860 1396 3957 praescriptum,
1419 3864 1471 3938 iir-

280 4034 286 4043 ,
303 3982 377 4051 que
395 3963 472 4057 ejus
490 3962 667 4039 honorem
680 3960 755 4037 fiat.
802 3960 874 4039 Sed
885 3956 1006 4058 potest
1026 3961 1132 4037 etiam
1153 3958 1303 4035 retineri
1323 3960 1380 4057 jus
1400 3958 1471 4049 Dei

304 4053 464 4166 June,
484 4059 558 4147 uve
577 4062 625 4140 ab
648 4058 723 4162 ipso
739 4060 1020 4260 promrgiatim
1034 4110 1054 4171 :³
1079 4058 1154 4171 live
1180 4056 1279 4171 quod
1291 4056 1472 4257 'ipspffic

460 4185 464 4195 ’
798 4181 804 4191 ’
895 4169 1007 4257 'qil'
1149 4221 1152 4229 ·
1321 4161 1474 4251 '‘el'la
