3900 5117
527 466 596 539 812
716 441 1521 528 COMMENTARIUS

578 652 772 743 §XXVIL
827 676 858 721 a.
884 645 1082 732 Animum,
1119 644 1254 735 pietate
1279 654 1319 719 et
1344 639 1474 719 fiducia
1490 643 1679 744 insignem,

526 755 658 833 sandius
673 766 813 835 orator,
838 746 998 817 omnium
1011 741 1180 826 nomine,
1201 740 1255 813 his
1269 742 1386 817 verbis
1401 746 1570 837 exponit,
1591 744 1682 820 vert

527 878 563 952 9.
584 853 729 925 Audiam
766 846 821 917 uid
835 833 1174 928 ineturuseflfortis
1187 842 1241 909 iile
1256 838 1350 911 Deus
1363 836 1515 937 Jeiooa,
1529 839 1683 934 scilicet,

528 952 588 1044 qni
610 964 650 1019 et
669 871 766 1040 peresi
785 958 823 1011 et
843 942 919 1008 vuit
941 933 1040 1006 dietis
1055 933 1092 1005 dt
1103 934 1270 1029 promiffis
1282 933 1387 1011 fidem
1400 936 1587 1031 praestare;
1611 962 1685 1033 quo

524 1048 671 1125 nomina
691 1040 760 1111 Dei
777 1034 884 1123 fortis
905 1030 940 1103 dr
962 1026 1115 1128 Jebooa,
1153 1048 1193 1105 ut
1213 1034 1345 1105 nemini
1367 1057 1442 1132 non
1462 1050 1591 1112 notum
1611 1035 1685 1130 est,

526 1144 690 1221 tendunt.
742 1126 942 1226 Significat,
977 1149 1010 1199 r.
1024 1127 1146 1203 Deum
1157 1127 1289 1222 aliquid
1302 1127 1493 1207 secundum
1505 1148 1593 1207 vota
1605 1156 1687 1227 pre·

523 1240 680 1318 cantium
704 1226 774 1299 effe
794 1231 999 1313 tuoruum,
1030 1247 1105 1300 non
1125 1228 1243 1299 verbis
1264 1225 1396 1316 modo,
1425 1226 1539 1303 sed&
1561 1226 1689 1324 souin

525 1338 649 1417 unde,
694 1324 813 1419 Ipsum
846 1325 1011 1417 precibus
1043 1322 1226 1413 adnuere,
1269 1322 1432 1417 pateseut
1465 1394 1469 1403 ,
1503 1324 1613 1422 loqui
1644 1329 1691 1403 de

523 1435 610 1510 Deo
628 1423 852 1518 usurpem,
877 1420 1203 1513 relateadpreces,
1215 1434 1406 1514 unumque
1419 1422 1690 1518 complecitur,

394 1560 400 1575 ·
524 1531 561 1605 dt
575 1529 696 1609 wia,
720 1522 846 1614 quibus
860 1520 920 1591 vel
937 1539 1002 1613 per
1015 1518 1240 1613 prophetias,
1259 1519 1317 1593 vel
1334 1518 1595 1598 intimationem
1607 1545 1691 1618 pre.

524 1618 850 1704 cantibusfatiam,
875 1614 1229 1711 precesseexaudire
1240 1617 1413 1709 declarat,
1441 1616 1604 1711 disum,
1618 1620 1692 1715 qni.

525 1728 594 1803 bns
619 1716 738 1811 reapse
767 1715 893 1808 implet
921 1712 1105 1809 promiffn,
1143 1715 1270 1807 quibus
1295 1735 1422 1807 preces
1443 1714 1526 1792 sunt
1548 1718 1690 1793 innixre.

522 1822 629 1897 Deus
655 1816 752 1889 enim
772 1836 846 1887 non
859 1811 955 1903 [orus
979 1826 1119 1889 tanmm
1132 1811 1252 1887 fundit
1264 1812 1468 1904 loquendo,
1493 1812 1553 1887 sed
1566 1816 1693 1891 ubilo-

438 1990 443 1997 ,
526 1919 666 2011 quitto,
692 1912 756 1988 ubi
775 1912 960 2006 praecipit,
985 1932 1062 1985 rem
1080 1908 1191 2005 ipsam
1202 1907 1520 2005 fistitpraesentem.
1555 1934 1589 1985 ι.
1602 1911 1637 1985 se
1649 1911 1691 1985 il·

524 2014 590 2091 iud
610 2012 745 2099 oculis,
769 2010 911 2083 auribus
932 2010 1125 2099 dindimo,
1148 2006 1218 2081 effe
1234 2022 1487 2103 excepurnrm3
1510 2008 1695 2107 cumsaiur

525 2114 600 2209 ejus
626 2112 664 2184 in
691 2107 952 2205 propinquant,
985 2104 1076 2180 vers.
1100 2128 1156 2179 10.
1179 2105 1230 2181 ita
1253 2125 1295 2181 ut
1316 2104 1394 2201 sper
1412 2105 1480 2197 fit,
1511 2106 1575 2182 suo
1596 2107 1698 2184 forte

525 2224 693 2303 ternpore
715 2204 944 2281 revelandam
964 2204 1047 2279 effe.
1097 2202 1208 2304 Quod
1228 2204 1493 2301 implementum
1506 2201 1700 2280 confirma·

531 2308 599 2381 vit
643 2308 678 2381 A
699 2303 922 2399 temporibus
940 2303 1037 2377 enim
1057 2302 1311 2391 Maccabaicis‚
1335 2300 1396 2375 seu
1411 2298 1490 2393 loh.
1509 2299 1699 2395 Hymni,

528 2402 671 2499 pundo
695 2398 747 2475 Pt
769 2400 913 2475 videtur
934 2396 1141 2487 confertus,
1162 2396 1293 2473 Meffiae
1315 2400 1486 2481 advennrs
1498 2410 1572 2473 tam
1586 2399 1700 2497 longe

528 2522 606 2579 non
627 2498 737 2584 afuit,
767 2512 809 2571 ut
828 2496 929 2571 initia
946 2496 982 2569 dt
997 2497 1169 2589 praeludia
1186 2520 1207 2571 a
1225 2494 1396 2594 longaevis
1416 2492 1596 2570 observari
1618 2519 1700 2587 non

580 2596 725 2669 ruerint
765 2616 799 2684 p
820 2590 856 2665 se
874 2608 1031 2688 parumn
1051 2593 1142 2684 esse,
1167 2594 1270 2671 &ita
1290 2590 1485 2681 adfeffirm,
1516 2606 1582 2685 nt,
1614 2616 1698 2673 cum

526 2620 630 2767 Fene
643 2692 875 2784 loqueretur,
898 2690 933 2763 dr
946 2710 1072 2785 precer
1084 2692 1269 2786 impleret,
1282 2691 1406 2786 pronis
1418 2690 1559 2766 auribus
1571 2691 1608 2765 dt
1622 2694 1698 2769 ani-

526 2792 595 2869 mis
618 2788 662 2865 fit
683 2806 916 2879 exceputrus3
941 2789 1104 2885 adeoque
1126 2790 1196 2864 effe
1215 2791 1412 2880 intereos,
1436 2789 1498 2882 qui
1511 2787 1694 2886 consolatio-

528 2912 604 2965 nem
616 2886 752 2963 Israelis
764 2884 957 2981 exspeitant.
982 2908 1019 2978 4
1031 2886 1205 2981 denique,
1218 2886 1338 2982 sepit,
1347 2885 1697 2980 paimrouaoide,

530 2983 837 3081 prestolaturum,
862 2980 979 3057 donec
1001 2982 1102 3061 Deru
1115 3006 1186 3069 eo,
1202 3004 1275 3072 quo
1288 2981 1383 3068 dixi,
1407 2981 1519 3056 modo
1534 2982 1697 3075 loquere-

527 3096 602 3157 tur.
634 3078 726 3268 (ᾖ
739 3078 859 3163 omnia
875 3081 993 3155 verbo
1006 3081 1120 3153 audire
1134 3074 1499 3171 comprehendunmr.
1523 3078 1697 3176 Audiam,

529 3177 567 3253 h.
590 3200 623 3251 e.
749 3195 807 3249 me
834 3174 897 3250 alit
918 3198 977 3251 me
997 3175 1204 3250 auditurum
1223 3172 1322 3276 effe,
1354 3177 1477 3270 utique
1499 3174 1695 3271 profiteor,

528 3292 608 3359 me,
633 3293 715 3347 cum
735 3270 808 3344 Dei
829 3272 963 3349 ditium
976 3271 1087 3347 fuerit
1100 3272 1301 3365 prolatum,
1327 3272 1399 3346 effe
1412 3274 1630 3363 auditurum,
1654 3275 1697 3350 dt

528 3370 581 3447 ita
594 3366 664 3441 effe
685 3366 882 3460 adfectum,
898 3387 938 3445 ut
955 3371 1015 3463 pie
1028 3369 1063 3441 dt
1074 3370 1253 3462 patienter
1267 3367 1529 3465 exspetiaturus
1541 3374 1613 3449 iim

579 3471 615 3555 §-
630 3463 796 3542 XXVIIL
852 3495 883 3541 a.
907 3466 977 3540 Sed
995 3489 1068 3559 quo
1089 3464 1327 3545 fundamento
1345 3469 1404 3541 vir
1424 3468 1562 3547 saniius
1588 3470 1624 3545 se
1644 3475 1695 3547 ir-

528 3584 576 3639 ιιιι
592 3562 664 3637 Dei
681 3566 794 3639 verba
811 3562 882 3635 effe
899 3562 1123 3652 audimmm,
1163 3566 1336 3654 credidit?
1368 3564 1521 3658 duplici,
1551 3570 1694 3665 respon·

529 3660 624 3749 deo,
647 3664 751 3735 altero
774 3660 811 3731 in
833 3660 1017 3752 protento
1036 3658 1071 3734 dt
1092 3660 1261 3755 presente
1279 3658 1406 3753 populi
1424 3660 1498 3736 Dei
1515 3664 1627 3756 statu,
1651 3669 1695 3745 in

530 3756 712 3853 posterum
729 3754 1077 3848 continuaturo‚nis1
1089 3759 1239 3850 populus
1254 3779 1337 3834 tum
1351 3781 1439 3835 cane
1453 3762 1497 3834 ad
1511 3764 1693 3841 vomitum

530 3853 673 3943 redeat,
712 3850 798 3939 fito,
830 3858 932 3928 altero
954 3856 994 3929 in
1011 3854 1276 3949 propinquitate
1297 3855 1414 3935 salutis
1431 3858 1560 3934 Meffiae
1581 3878 1690 3937 certo

526 3952 662 4029 certius
690 3947 900 4030 revelando.
956 3949 1061 4031 Prius
1095 3950 1152 4035 his
1182 3956 1303 4043 verbis
1317 3958 1558 4059 propomtura
1593 3957 1691 4060 Qu
