3900 5117
1171 369 1178 419 l

435 553 564 653 ¹sta
668 509 1552 631 oonnnnrnnrus„

497 762 647 834 rentur,
680 738 849 834 exponit,
878 733 1068 835 posteriores
1086 733 1248 830 expresse
1268 733 1303 808 dr
1322 730 1475 825 discsse,
1505 734 1588 832 quia
1608 757 1669 820 em

497 850 534 922 in
550 843 669 942 primis
683 837 901 914 intendebat
915 834 939 868 Α
956 834 1038 935 Qua
1051 834 1294 928 propositione
1309 831 1417 924 farta,
1440 832 1511 909 sese
1521 844 1669 933 primum

498 948 537 1019 in
571 947 705 1017 viarum
729 935 802 1010 Dei
832 957 914 1012 curn
942 934 1137 1026 majoribus
1157 932 1196 1006 in
1225 931 1367 1006 deserto
1391 933 1672 1029 descriptionem

498 1040 684 1126 diffundit,
709 1036 743 1108 δι
767 1049 895 1128 quanta
908 1035 1004 1108 bona
1017 1032 1054 1104 in
1072 1031 1340 1106 eoscontulerit
1354 1029 1473 1124 Deus,
1499 1053 1673 1128 quantam

496 1135 791 1214 demonstraverit
808 1135 964 1227 populus
985 1130 1021 1204 in
1041 1129 1265 1219 rebellando,
1288 1124 1458 1206 &Detur
1471 1134 1668 1228 tentando.

497 1235 793 1320 obstinationem,
817 1251 922 1324 quam
942 1229 1099 1328 graviter
1117 1225 1217 1303 Deus
1242 1249 1325 1304 eum
1349 1229 1552 1324 puniverit,
1588 1235 1667 1308 abs·

498 1357 568 1430 que
589 1349 709 1407 tamen
730 1342 772 1404 ut
792 1329 934 1422 penitus
955 1325 1157 1420 deleverit,
1188 1327 1350 1421 exponit
1406 1325 1503 1404 Dein
1524 1327 1595 1404 sese
1621 1331 1668 1406 ad

497 1431 688 1516 Israelitas,
712 1448 785 1520 quo
805 1438 969 1521 ternpore
991 1422 1088 1499 sedes
1107 1424 1325 1519 principatus
1346 1421 1575 1524 &religionis
1589 1441 1668 1516 erat

497 1551 608 1625 penes
629 1523 881 1621 Ephraimitas,
904 1523 1045 1612 vertit,
1066 1543 1266 1615 eorumque
1287 1523 1394 1597 etiam
1408 1523 1667 1617 rebellionem,

497 1627 542 1702 ad
563 1624 764 1720 exemplum
782 1621 946 1712 Patruus,
978 1620 1133 1712 indeque
1150 1633 1275 1695 ortum
1297 1619 1461 1696 severum
1482 1621 1554 1697 Dei
1573 1624 1663 1717 judi.

496 1728 615 1897 {ium'
640 1737 683 1796 ut
694 1737 859 1894 {Spore
873 1713 1148 1889 eligontlifieis,
1165 1716 1390 1889 liginflildium
1403 1719 1440 1792 in
1454 1719 1573 1892 Ιυοάειη
1586 1741 1668 1896 gg

498 1819 744 2008 {laiss
763 1839 962 2027 {pidia
975 1836 1283 2009 gestisset?
1297 1831 1499 2014 indiis}
1520 1817 1673 2014 elta

499 2013 1189 2107 firmamforedeclaratmperpetuum.
1678 2101 1683 2111 Ι

549 2119 581 2208 §.
597 2113 640 2190 ll
689 2111 748 2187 Ad
770 2132 896 2188 verum
912 2131 955 2184 ar
1005 2109 1118 2186 menti
1138 2107 1365 2205 conspersum
1384 2111 1572 2206 pertinet,
1601 2129 1669 2190 no·

366 2238 370 2250 ’
457 2229 460 2235 ’
499 2214 602 2302 tasse,
638 2233 670 2286 r.
692 2209 779 2284 illud
800 2230 864 2304 per
883 2231 944 2286 mo
969 2229 1030 2286 urn
1050 2207 1234 2284 concione
1255 2208 1299 2282 ad
1314 2211 1508 2303 populum,
1532 2211 1675 2290 abillu-¹

497 2311 558 2384 stri
579 2325 723 2384 oratore
737 2309 883 2396 habita,
910 2305 1083 2401 proponit
1108 2319 1149 2381 ut
1164 2325 1208 2378 ex
1221 2303 1316 2380 vers.x
1331 2327 1363 2379 r.
1377 2321 1485 2400 patet,
1525 2327 1559 2380 e.
1580 2304 1677 2382 Duo

499 2406 661 2499 exempla
682 2404 852 2478 bonitatis
879 2403 952 2477 Dei
970 2425 1054 2502 erga
1073 2403 1268 2498 Israelem,
1292 2404 1437 2497 ejusque
1461 2403 1675 2480 rebellionis

499 2525 541 2577 ac
565 2498 788 2595 rejectionis,
827 2502 865 2575 in
885 2501 1043 2578 medium
1066 2499 1243 2596 proferam
1274 2505 1415 2576 ostentm
1433 2503 1608 2595 majorum
1630 2502 1674 2580 in

497 2600 667 2689 deserto,
704 2602 847 2672 alterum
866 2597 1186 2693 Ephraimitarunr,
1226 2597 1288 2673 seu
1308 2598 1563 2690 israelitarum,
1595 2623 1670 2695 quo

495 2714 666 2795 tempore
684 2695 786 2773 sedes
796 2695 1013 2794 praesedere
1026 2698 1063 2772 dt
1074 2697 1253 2796 religionis
1270 2699 1400 2774 eratin
1413 2698 1508 2774 tribu
1521 2697 1672 2793 Ephrai-

496 2797 573 2889 mi,
613 2796 814 2894 dt'populus
835 2819 960 2896 magna
979 2797 1077 2872 clade
1091 2795 1153 2871 sub
1169 2795 1226 2868 Eli
1239 2793 1396 2870 adsessos
1411 2794 1463 2868 est
1486 2819 1553 2890 per
1566 2795 1672 2872 Phili·

498 2895 617 2972 staeos:
645 2913 686 2970 ut
708 2896 1064 2991 intermiscemus
1104 2917 1138 2986 3.
1152 2893 1235 2966 Illos
1257 2891 1346 2964 duos
1359 2891 1529 2967 casuahie
1542 2913 1674 2989 repraee

497 2993 627 3068 lentari
647 3015 718 3067 una
738 3017 819 3067 cum
839 2993 972 3065 ellectu
986 2993 1068 3064 lacto
1083 2989 1116 3060 dt
1133 2987 1326 3081 prospero,
1347 2988 1385 3062 iu
1398 3011 1509 3082 quem
1520 3013 1585 3086 per
1597 2991 1676 3066 Dei

496 3090 646 3188 gratiam
664 3089 847 3162 exierunt:
872 3106 1026 3181 quorum
1046 3087 1139 3180 prior
1159 3084 1366 3160 terminatus
1385 3085 1438 3160 est
1459 3088 1498 3164 in
1514 3089 1587 3164 Dei
1599 3090 1670 3165 cle·

496 3188 652 3275 mentia,
677 3204 745 3277 qua
767 3186 905 3279 populo
925 3183 1106 3279 pepercit,
1132 3181 1166 3255 ἃ
1185 3182 1321 3258 eumin
1337 3181 1672 3266 Cananaeamiutro·
1776 3265 1778 3270 .

497 3283 627 3370 duxit,
651 3280 742 3355 vers.
766 3285 826 3376 38,
848 3304 906 3376 39.
933 3283 1014 3356 coll.
1038 3279 1129 3355 vers.
1152 3301 1213 3374 55.
1228 3279 1414 3379 posterioris
1434 3283 1583 3362 effeems
1596 3283 1670 3365 fuit
1769 3287 1771 3295 '

499 3379 651 3480 regni&
672 3379 736 3453 reli
763 3379 853 3453 'onis
863 3376 1092 3455 confirmatio
1104 3381 1141 3454 in
1154 3382 1251 3456 tribu
1264 3381 1374 3477 Juda,
1430 3401 1554 3461 monte
1568 3383 1669 3462 Tiro·

495 3479 572 3568 nis,
597 3499 638 3554 ac
657 3399 789 3554 fanffia
808 3477 980 3568 Doridis,
1005 3477 1095 3554 vers.
1115 3481 1176 3556 68.
1198 3479 1265 3560 dte.
1305 3503 1338 3571 4
1356 3481 1414 3552 De
1439 3482 1544 3574 ique,
1568 3481 1670 3560 casus

495 3579 576 3650 illos
602 3578 661 3652 llic
686 3575 896 3652 considerari
920 3593 1086 3672 tanquam
1107 3577 1255 3653 obscum
1275 3577 1487 3650 emblemata
1507 3577 1666 3652 fatorum

495 3673 716 3768 stquentium
738 3693 962 3770 temporum,
987 3675 1060 3750 srve
1080 3677 1289 3771 propiorurn
1313 3671 1383 3746 five
1403 3672 1662 3762 remotiorum

495 3787 670 3868 quatenus
693 3795 776 3851 cum
797 3773 1095 3871 Ephraimitarum
1118 3771 1369 3866 rejectionem,
1393 3783 1469 3843 tum
1491 3766 1664 3844 Israelita·

493 3894 575 3945 rurn
596 3871 634 3942 in
653 3891 786 3962 genere
806 3873 1060 3966 &Judoeorurn
1077 3873 1111 3944 in
1130 3869 1244 3964 specie
1259 3865 1558 3962 repudiationem,
1582 3889 1663 3967 reg-

490 3989 542 4041 uo
570 3963 702 4036 Mesllae
716 3968 942 4054 introducto,
968 3967 1239 4062 portenderunt,
1295 3965 1412 4064 Quem
1426 3959 1583 4043 satorum
1598 3991 1663 4064 po·

489 4065 568 4155 puli
590 4062 629 4132 in
644 4059 786 4138 deserto
798 4062 1027 4159 conspeslurn
1042 4069 1112 4165 Ap.
1132 4085 1163 4139 r.
1179 4063 1263 4139 Cor.
1280 4083 1318 4138 x.
1337 4060 1502 4160 agnovit,
1526 4065 1661 4164 &poe-
