3900 5117
540 529 612 647 σοὶ
710 526 1519 647 commorantia-s

542 764 599 861 jus
620 764 743 840 robori
754 750 863 840 nemo
877 764 1033 839 relidere
1047 764 1192 860 poterit.
1244 782 1279 853 4.
1305 758 1430 835 Preces
1444 756 1595 851 denique
1610 754 1716 835 intel.-

545 864 721 959 liguntur,
746 883 830 955 quas
851 862 949 937 Deus
962 884 1045 937 cum
1068 862 1181 954 aliqua
1201 858 1443 955 indignatione
1468 874 1633 950 tanquam
1654 860 1719 932 ira·

544 972 603 1033 tus
623 958 823 1051 aliquandiu
844 959 1040 1055 respuerat:
1073 960 1143 1031 hoc
1164 956 1260 1031 enim
1282 954 1333 1027 est
1346 976 1503 1050 quousque
1511 950 1629 1045 fumas
1645 978 1716 1030 corta

546 1060 793 1130 tractationem
803 1060 944 1151 populi?
960 1052 1049 1129 verl
1064 1074 1097 1145 5.
1130 1050 1239 1153 Quod
1253 1051 1418 1148 petitioni
1430 1053 1549 1147 gratiae
1562 1050 1712 1142 Christi,

546 1140 609 1227 fito
632 1148 779 1226 definito
802 1167 967 1246 tempore
988 1149 1270 1239 manifestanda,
1310 1150 1424 1223 minus
1443 1146 1539 1219 reste
1562 1148 1713 1243 applica·

545 1256 617 1324 tur.
667 1267 701 1339 ς.
725 1249 876 1322 Accedit
896 1248 1098 1345 postremo,
1124 1248 1377 1333 calamitatem,
1398 1244 1546 1339 quaehic
1561 1244 1715 1343 depingi.

547 1356 627 1436 tur,
652 1345 770 1419 necin
785 1346 928 1422 exilium
943 1346 1062 1439 Babyl.
1078 1363 1146 1420 nec
1160 1347 1198 1421 in
1210 1343 1447 1440 pracedenoa
1457 1357 1715 1437 temporacon·

547 1443 693 1531 uenire,
710 1456 751 1517 ut
766 1461 812 1516 ex
828 1442 1065 1538 superioribus
1080 1442 1201 1538 liquet.

596 1543 627 1629 ς.
649 1535 711 1613 Xl.
768 1536 895 1639 Ergo,
934 1560 981 1615 ne
1010 1541 1189 1639 longiores
1212 1539 1347 1617 traham
1367 1560 1483 1615 moras
1511 1539 1549 1615 in
1575 1558 1640 1629 re,
1670 1552 1713 1617 ut

545 1634 727 1725 existimo,
759 1636 905 1731 liquida,
944 1638 1104 1727 ortena,
1141 1639 1242 1731 supra
1263 1639 1421 1733 prolata,
1455 1652 1596 1730 tempus
1611 1636 1712 1729 hujus

470 1732 475 1743 '
546 1734 752 1807 calamitatis
768 1750 931 1831 accurate
946 1732 1140 1827 deliniunt,
1165 1735 1320 1829 illudque
1338 1736 1381 1807 ad
1399 1749 1562 1829 tempora
1575 1732 1713 1808 Macca-

546 1824 647 1907 baica
665 1830 848 1905 manifeste
872 1830 1098 1931 restringunt
1146 1832 1203 1907 Eo
1218 1834 1314 1909 enirn
1330 1846 1493 1927 tempore
1507 1830 1621 1925 Jndaei
1635 1852 1716 1924 qna·

547 1924 760 2031 quaversum
786 1950 851 2022 per
872 1930 998 2005 orbem
1022 1929 1162 2024 disperii
1178 1929 1275 2004 sedes
1288 1930 1466 2025 praecipue
1480 1932 1516 2003 ln
1530 1928 1717 2022 Affyriadr

551 2026 723 2121 Aegypto
736 2022 887 2100 fixerant
901 2025 1129 2121 frequentes,
1154 2027 1404 2125 synagogarum
1417 2047 1474 2102 rna
1554 2026 1719 2121 eratuhi.

548 2126 618 2217 que
648 2121 863 2211 multitudo,
887 2122 1144 2219 Prophetarum
1164 2124 1354 2201 cellaverat
1367 2122 1468 2199 succe
1506 2146 1549 2213 o,
1573 2120 1717 2217 afflieiio

547 2226 627 2294 erat
646 2219 806 2294 omnium
828 2217 1005 2312 diriffima,
1036 2219 1154 2297 sedin
1181 2223 1191 2293 i
1219 2219 1456 2311 saCananaea,
1482 2222 1531 2295 ita
1545 2221 1633 2295 utin
1652 2220 1716 2293 ho·

401 2398 409 2415 ‚
547 2309 653 2390 stium
669 2314 890 2411 potestatem
911 2336 986 2395 non
1009 2320 1113 2413 plene
1134 2334 1175 2393 ce
1204 2320 1318 2409 erint3
1344 2314 1515 2393 lortiilimi
1539 2316 1632 2403 enim
1654 2315 1715 2387 he·

548 2423 658 2500 roes,
679 2402 892 2487 nra-cernar
922 2412 1081 2507 fratrer,
1118 2414 1189 2489 sese
1221 2417 1264 2491 ad
1283 2414 1425 2511 ‘populi‘
1439 2411 1716 2497 vindicationem

548 2508 632 2581 ium
653 2520 779 2600 optato
799 2509 955 2586 fircceilu
984 2514 1230 2591 accinxerunt:
1260 2514 1338 2586 haec
1362 2513 1514 2605 denique
1536 2510 1608 2585 sola
1629 2506 1717 2583 affli-
1874 2578 1875 2597 ,

504 2605 508 2611 ’
547 2602 620 2677 iiio
640 2607 702 2675 reli
726 2607 809 2679 ionis
822 2608 946 2686 itidem
958 2610 1059 2687 causa
1072 2610 1231 2689 instituta
1245 2610 1316 2702 eli,
1331 2625 1372 2687 ut
1384 2628 1429 2685 ex
1443 2608 1539 2685 libris
1551 2606 1717 2684 Maccab.

547 2621 740 2795 &Josepfir
754 2704 904 2780 constat

552 2810 576 2893 ᾗ
595 2800 643 2888 ᾗ·
664 2783 741 2875 iot.
791 2800 834 2877 In
856 2805 971 2898 speeie
999 2815 1090 2883 vero
1121 2806 1224 2883 scena
1242 2804 1295 2881 Ps.
1315 2808 1355 2880 in
1376 2828 1423 2883 eo
1444 2808 1585 2901 videtur
1609 2800 1716 2915 figen-

547 2886 796 2992 intempore,
822 2922 892 2997 quo
911 2899 1103 2979 Maccabaei
1121 2902 1333 2979 franesfese
1346 2900 1519 2993 ‘Syrorum
1533 2898 1715 2975 inminuta

548 2993 692 3084 publice
718 2998 984 3091 opposuerunt,
1007 3018 1055 3072 eo
1077 2994 1161 3075 cum
1180 2994 1362 3085 successu,
1387 3016 1428 3070 ut
1449 2998 1616 3073 omnibus
1632 3016 1715 3093 prae·

547 3088 678 3165 'claram
692 3092 737 3163 de
752 3093 786 3163 se
798 3095 1014 3169 ¹concitarint
1026 3087 1143 3187 fpetn,
1163 3092 1265 3183 fore,
1288 3105 1352 3182 ut,
1366 3092 1487 3169 divina
1503 3092 1717 3170 secundante
1755 3122 1759 3131 ·

547 3186 678 3293 gratia,
716 3184 906 3266 Ecclefiam
920 3214 940 3264 a
952 3188 1123 3285 Syrorum
1139 3190 1322 3266 dondnaru
1333 3188 1373 3265 in
1386 3192 1587 3268 linertatem
1602 3189 1717 3267 vindi·

549 3296 683 3353 carent.
721 3276 920 3393 'Calamina
940 3288 1035 3361 enirn
1054 3287 1117 3362 ‘hic
1139 3300 1305 3385 unquam
1325 3288 1473 3387 praesens
1495 3289 1716 3389 depingitur,

548 3390 696 3481 eamque
715 3386 790 3469 Jom
809 3382 1004 3477 aliquandiu
1025 3384 1182 3478 denarie,
1199 3385 1297 3462 vers.
1313 3388 1530 3479 pinnulam.
1581 3388 1717 3461 Heroas

548 3492 658 3581 uero,
693 3488 865 3571 tanquam
885 3480 1065 3574 vindices,
1098 3482 1264 3561 omnium
1286 3488 1410 3561 oculos
1432 3487 1469 3559 in
1490 3484 1525 3558 se
1549 3480 1715 3573 vertisse,

549 3569 638 3681 vars.
663 3572 761 3668 17&
786 3581 841 3651 18.
862 3576 955 3654 dare
977 3578 1203 3679 significatur:
1237 3604 1323 3681 ergo
1344 3583 1484 3658 virtutis
1506 3584 1658 3674 eorumj

548 3666 661 3761 aitqua
681 3670 850 3750 exstitisse
872 3676 1079 3773 specimina,
1103 3702 1179 3777 qnae
1199 3680 1376 3757 ulterioris
1391 3677 1463 3779 spei
1485 3680 1717 3759 fundamenta

548 3764 621 3840 esse
634 3781 821 3867 poterant,
845 3772 1037 3873 statuatur,
1061 3778 1204 3859 necesse
1219 3774 1286 3856 est.

1462 4110 1732 4247 ¹raus
