3900 5117
376 553 502 608 ,an
572 529 938 609 esaum
1012 532 1278 640 tuma,
1351 522 1421 623 tar

137 822 146 835 ‚
255 736 338 827 fiat,
363 731 444 829 quia
458 748 524 827 per
544 722 981 820 eam'murmurationem,
1005 730 1102 823 quod
1122 735 1350 813 anteaadhuc
1363 736 1422 813 ali-

279 830 439 909 uomodo
457 827 603 902 dubium
619 840 713 915 erat,
737 824 961 902 certillmrum
975 824 1084 917 fecit,
1109 828 1144 903 se
1166 828 1235 903 elie
1273 830 1424 909 erversae

253 932 290 1006 dt
313 926 494 1009 obstinatae
520 922 648 997 indolis
673 924 878 1017 populum;
916 946 992 999 non
1015 926 1077 999 nili
1098 924 1220 1002 severa
1239 854 1420 1023 ‹fisciplina

255 1021 588 1120 constringendum,
611 1017 653 1105 ⁴&
672 1020 710 1094 in
730 1020 892 1094 ordinem
914 1019 1155 1117 redigendum.
1207 1022 1292 1124 Quo
1312 1029 1420 1103 etiam

253 1120 541 1202 murmurationis
568 1116 659 1192 illius
696 1118 992 1193 commemoratio
1020 1116 1090 1189 hoc
1122 1119 1205 1193 loco
1240 1122 1419 1197 collineat.

255 1220 347 1295 Cum
381 1217 476 1292 enim
502 1214 601 1289 Deus
636 1211 775 1289 summis
809 1210 1015 1303 beneficiis,
1054 1213 1163 1288 modo
1190 1220 1422 1309 memoratis,

238 1311 344 1397 'mox
358 1314 563 1408 subjungat,
589 1315 760 1407 exploravi
779 1307 825 1384 Te
833 1312 935 1407 juxta
947 1330 1048 1405 aquas
1067 1307 1226 1401 Meribe,
1259 1316 1420 1407 indicat,

256 1418 292 1491 dt
312 1413 447 1510 populo
467 1408 678 1483 insinuatum
698 1410 801 1496 vult,
836 1430 867 1481 1.
899 1406 1042 1504 Quanta
1062 1410 1314 1577 lonfenimitate
1337 1413 1419 1487 usus

255 1513 365 1587 suerit
384 1530 467 1607 erga
486 1506 672 1593 lsraelem,
705 1508 835 1599 quippe
857 1504 918 1596 qui
936 1504 1105 1598 aprimor
1130 1505 1169 1579 iis
1186 1500 1256 1578 sese
1272 1506 1420 1583 rebellem
1552 1522 1556 1534 '

255 1605 524 1684 demonstravit
576 1624 608 1676 2.
634 1601 780 1701 Quanto
794 1600 921 1675 favore
943 1621 1025 1689 eum
1039 1599 1289 1698 prosequatur,
1316 1624 1421 1697 quum

255 1706 402 1781 ardente
437 1696 579 1774 adfectu
606 1701 644 1773 in
665 1719 747 1774 eum
774 1696 939 1788 feratur,
970 1701 1100 1792 quippe
1132 1699 1190 1793 qui
1219 1700 1392 1795 populum
1405 1752 1426 1791 ‚.
1457 1706 1459 1713 ‘

255 1804 347 1877 adeo
361 1820 446 1875 mox
465 1795 657 1886 rebellem,
680 1816 756 1870 non
777 1794 927 1888 abjecit,
950 1792 1128 1869 sedbonis
1149 1799 1327 1873 cumulare
1345 1819 1421 1873 non

256 1898 400 1974 destitit.
451 1916 485 1989 3.
510 1893 627 1993 Quam
648 1895 739 1966 male
759 1896 906 1968 meritus
928 1891 1037 1965 fuen't
1057 1895 1207 1986 populus
1235 1892 1280 1967 de
1306 1894 1419 1984 Deo,

258 2016 433 2093 quamque
455 1992 547 2063 mule
567 1989 791 2087 responderit
811 1999 869 2066 tot
889 1984 1089 2079 beneficiis,
1120 1992 1255 2065 ineum
1270 1991 1417 2067 collatis.

258 2113 295 2187 4.
319 2092 437 2189 Quam
456 2086 645 2163 necessaria
664 2084 773 2163 fuerit
795 2084 886 2161 arcta
908 2086 943 2159 dt
965 2085 1088 2161 severa
1107 2085 1321 2181 disciplina,
1353 2110 1421 2184 qua

257 2189 430 2360 pgpulpm
451 2206 620 2356 ἷοεποοπὸ
638 2180 806 2355 instingm
829 2182 1015 2355 Ιξιΐάεοεῃυὲἰ
1030 2200 1158 2289 quanta
1176 2183 1286 2261 fuerit
1298 2186 1421 2283 populi

259 2307 284 2414 9
307 2304 585 2492 ἐβῗζέὅῐ.θῗ1θῇῐιῖιὶε
602 2302 1037 2475 sgeisexaelsrssescstrzmgpte
1060 2402 1146 2459 mox
1166 2380 1327 2484 subjungi
1352 2382 1421 2461 Le*

260 2478 481 2578 gislationem
501 2475 720 2565 Srnaitrcam,
751 2500 829 2571 quae
840 2472 993 2575 secunde
1013 2482 1157 2556 rationis
1177 2484 1356 2566 moventis
1370 2484 1422 2558 lo·¹

261 2594 343 2651 cum
364 2575 423 2649 hic
443 2586 566 2664 tenet,
596 2572 685 2647 vers.
701 2597 736 2667 9,
755 2595 812 2664 10,
832 2596 888 2651 11.
913 2575 1027 2667 Audi,
1048 2592 1089 2674 po
1112 2582 1164 2653 ule
1178 2584 1244 2671 mi,
1270 2576 1422 2677 contestu·
1512 2600 1514 2610 ’

259 2676 315 2747 hor
338 2688 389 2764 te,
414 2670 546 2758 lsrael,
567 2668 785 2763 fiaudiuerir
798 2695 857 2747 me.
907 2671 989 2747 Non
1003 2681 1066 2748 erit
1084 2592 1160 2749 sili
1174 2672 1268 2751 Deus
1278 2678 1423 2775 peregri·

259 2792 350 2861 nur,
382 2794 439 2844 nec
468 2770 614 2843 adorabis
643 2766 753 2843 Deum
773 2772 927 2844 alienum.
985 2769 1060 2867 Ego
1074 2769 1151 2865 sum
1173 2769 1307 2867 Jelova
1328 2770 1424 2847 Deus
1539 2833 1541 2837 .

239 2891 243 2900 ’
263 2865 300 2938 Τ
293 2891 374 2959 uus,
405 2874 460 2964 qul
487 2864 532 2940 Te
553 2867 650 2942 eduxi
672 2890 711 2939 ex
733 2878 823 2936 terra
844 2865 897 2937 Ae
919 2870 1013 2960 ypra,
1046 2882 1186 2937 ortuum
1202 2868 1426 2960 lateaperito,

257 2986 313 3060 ego
336 2970 468 3061 implebo
490 2968 582 3040 iilud.
632 2962 714 3038 Acii
739 2961 874 3035 diceret
931 2982 1009 3035 eus:
1034 2958 1262 3054 posteaquam
1277 2960 1363 3045 inihi
1377 2960 1421 3033 de

260 3062 426 3154 perversa
445 3076 510 3135 tua*
525 3062 646 3137 indole
667 3082 772 3155 quam
793 3054 974 3147 certisime
989 3056 1133 3156 publico
1148 3056 1278 3131 indicio
1294 3056 1424 3135 consti-

260 3156 365 3242 terit,
395 3154 507 3228 foedus
527 3173 650 3231 tecum
670 3159 759 3233 inire
781 3158 900 3247 volui,
925 3175 1002 3233 tum
1018 3170 1058 3229 ut
1073 3177 1152 3231 mea
1164 3152 1362 3255 benignitas
1376 3180 1422 3234 eo

260 3252 387 3327 clarius
410 3250 646 3338 elucesceret,
678 3276 746 3344 qua
768 3254 846 3345 Te,
874 3273 945 3333 tam
961 3252 1100 3329 rebellis
1117 3250 1334 3329 &increduli
1351 3256 1423 3333 ani-

260 3352 311 3427 mi
330 3348 522 3443 populum,
554 3346 639 3418 milri
659 3368 725 3439 per
744 3349 860 3423 foedus
878 3354 1069 3450 adJungere
1089 3348 1261 3439 institui,
1280 3367 1357 3427 tum
1382 3369 1423 3430 ut

259 3444 434 3543 pertinaci
458 3444 491 3516 dt
515 3441 610 3515 durae
631 3444 763 3552 cervici
783 3442 906 3542 jugum
929 3454 1173 3544 imponerem,
1198 3449 1258 3521 vel
1273 3448 1424 3527 fraenum

260 3543 465 3637 innuerem,
497 3555 604 3634 teque
625 3537 709 3613 mrhi
732 3542 916 3620 redderem
937 3543 1194 3637 obsequiosum.
1243 3543 1354 3712 Ἥοά
1374 3542 1425 3619 fa-

262 3641 358 3717 tium
383 3636 432 3711 est
453 3636 497 3709 ad
517 3652 677 3713 montem
701 3636 815 3726 Sinai,
839 3661 910 3731 quo
925 3639 1038 3715 foedus
1053 3640 1139 3715 illud
1153 3643 1246 3714 inter
1298 3642 1424 3717 eum&

260 3738 425 3853 Israelem
440 3734 634 3810 solenniter
655 3732 795 3829 padum
811 3734 872 3809 est.
924 3734 1009 3835 Quo
1024 3738 1079 3812 hic
1093 3737 1240 3830 respici,
1267 3754 1423 3815 autuma-

261 3855 388 3911 venm.
1105 3862 1109 3870 ⁸

312 3930 481 4021 §.XXllL
506 3931 675 4006 Occurrit
694 3930 753 4006 hie
776 3952 807 4005 1.
831 3932 993 4030 praefatio
1007 3931 1424 4013 excitatoriauobtesta'·

262 4030 380 4119 toria,
409 4026 499 4104 vers.
519 4051 553 4124 9.
580 4030 678 4123 audi,
706 4033 826 4127 popule
846 4036 913 4117 mi,
940 4030 1006 4107 dre.
1021 4030 1207 4125 nimirum,
1231 4031 1324 4107 srcte
1341 4050 1428 4108 tune

650 4140 653 4146 ⁴
795 4126 907 4204 Rrrr
982 4132 985 4139 '
1044 4130 1048 4137 ’
1257 4132 1428 4227 temporis
