3900 5117
488 635 556 692 pn
623 605 989 691 PSALM
1059 606 1339 704 tmere·
1407 643 1478 724 393

307 809 451 912 epodosi
474 807 721 904 respondeant.
770 801 931 881 Verbum
950 807 1217 885 cum-absolute
1246 831 1410 891 occurrat
1436 826 1473 896 in

304 914 471 999 excitem,
502 909 538 982 h„
560 929 592 980 e
616 927 725 998 quum
748 905 977 991 excitaverit,
1009 902 1167 1001 subjecto
1186 908 1376 985 excitando
1396 935 1473 993 non

307 1005 495 1100 expreffo,
520 1005 590 1076 late
605 1001 747 1076 extendi
762 999 878 1094 potest
891 1023 932 1072 ac
950 1000 1079 1091 debet,
1103 1003 1152 1076 ita
1167 1015 1208 1077 ut
1222 1003 1314 1077 &de
1333 1007 1416 1082 Deo
1437 1011 1473 1085 se

304 1104 503 1190 excitante,
528 1099 562 1171 δι
588 1097 631 1172 de
647 1097 846 1172 hominibus
862 1096 1024 1169 excitatis
1037 1120 1059 1170 a
1072 1097 1176 1189 Deo,
1197 1101 1372 1194 capiatur:
1398 1105 1476 1182 sub-

247 1223 249 1228 ·
302 1199 467 1296 ‚jungitur
487 1196 583 1270 enim
602 1193 767 1282 Domino,
799 1207 965 1284 tanquam
987 1199 1180 1285 excitarent,
1212 1197 1248 1270 δι
1268 1204 1409 1304 imagini
1420 1228 1474 1278 nn.

161 1333 190 1348 ·=
303 1299 424 1390 §inrue
450 1299 619 1388 impiorum
638 1291 828 1387 spernendo
847 1289 1099 1384 praemittitur,
1131 1291 1228 1366 simul
1249 1315 1475 1390 comparatur

171 1475 174 1490 Ι
304 1414 386 1467 cum
391 1389 516 1487 sonnio
531 1386 610 1484 post
623 1391 784 1484 evigilare
803 1386 935 1481 spreto.
984 1383 1108 1460 Sensus
1124 1387 1190 1462 hac
1203 1389 1387 1467 latitudine
1410 1398 1473 1472 ita·
1603 1465 1608 1474 .

266 1527 272 1534 ·
304 1511 373 1584 que
389 1488 475 1576 erit,
501 1485 720 1574 Dominum,
746 1505 854 1578 quum
867 1483 901 1557 se
916 1482 1126 1556 excitaverit
1142 1485 1178 1556 δι
1197 1486 1360 1561 homines
1377 1513 1472 1567 mor.

146 3421 151 3430 '
289 3445 404 3497 meam.
458 3445 492 3497 n.

301 1597 406 1676 tuos,
436 1583 627 1680 imaginem
640 1581 829 1676 impiorum
843 1579 912 1656 effe
926 1577 1144 1673 spreturum
1169 1580 1301 1658 &cum
1315 1585 1470 1684 indigna.

300 1683 403 1758 tione
418 1681 457 1754 in
470 1683 521 1753 ira
534 1677 806 1774 prostitutarum
815 1679 857 1752 'in
872 1676 1001 1751 ultimo
1012 1676 1160 1768 judicio.
1208 1676 1320 1778 Quod
1331 1698 1466 1762 utrum·

303 1799 371 1872 que
387 1777 525 1876 egregie
539 1773 703 1871 expreffit
716 1774 853 1864 chain,
871 1788 1035 1862 vertens3
1059 1771 1222 1848 Domine!
1241 1781 1278 1848 in
1291 1779 1340 1851 die
1348 1781 1468 1876 judicii

300 1881 435 1973 magni,
460 1899 533 1948 cum
540 1873 676 1966 fuerint
680 1871 839 1969 suscitati
855 1869 891 1943 de
896 1868 1080 1967 sepulchris
1085 1867 1181 1966 suis,
1205 1875 1241 1944 in
1248 1870 1366 1963 furore
1386 1883 1467 1951 imo-

300 1978 409 2070 ginem
423 1994 530 2045 eorum
537 1967 693 2069 spernes„
732 1967 822 2068 Quae
838 1962 1048 2062 paraphrafis
1062 1982 1104 2042 ut
1117 1967 1155 2042 in
1168 1968 1285 2046 lucem
1295 1973 1466 2067 prodeat',

302 2090 337 2146 1.
362 2071 515 2142 verbum
538 2093 608 2159 vn,
632 2067 676 2142 ad
690 2065 872 2140 Dominum
885 2066 1057 2153 relatum,
1077 2063 1194 2156 dicet,
1218 2066 1415 2148 Dominum
1428 2071 1464 2148 sc

301 2164 457 2239 excitare
478 2164 522 2238 ad
543 2165 717 2264 agendum
733 2163 900 2238 fervente
923 2162 1078 2256 impetu,
1100 2160 1141 2239 in
1154 2163 1465 2261 bonumiltomm,

301 2261 337 2335 oc
356 2261 485 2337 maium
504 2261 672 2354 aliorum,
705 2259 807 2358 super
833 2263 904 2333 iilis
920 2257 1118 2335 aemulando
1132 2260 1172 2336 in
1186 2262 1341 2358 bonum,
1363 2266 1398 2338 ἃ
1412 2269 1464 2340 iis

297 2357 337 2434 in
365 2359 496 2436 malum
526 2382 608 2436 cum
636 2359 783 2435 fervore
811 2359 872 2433 irae
900 2380 942 2432 ac
976 2357 1285 2438 excandescentia.
1349 2361 1465 2439 Radix

298 2480 346 2541 m
370 2458 513 2551 proprie
529 2458 616 2532 dicit
625 2455 782 2548 fervere,
806 2456 844 2532 in
858 2454 965 2550 Hiph.
974 2453 1063 2548 fecit
1082 2480 1099 2529 e
1129 2480 1310 2549 ernestone,
1334 2459 1463 2535 excita-

299 2571 339 2624 re
360 2556 404 2624 ad
423 2554 596 2648 agendum
618 2553 756 2650 impetu
776 2553 902 2643 alacri,
928 2551 1074 2628 &fervi
1098 2551 1274 2650 ospiritu:
1301 2555 1461 2653 soletque

301 2646 347 2719 de
367 2652 490 2742 impetn
510 2653 618 2723 beiiico
639 2649 748 2740 sumi,
779 2651 813 2725 tr
839 2651 883 2726 de
903 2655 1106 2726 emulatione
1126 2651 1264 2727 fervida
1277 2654 1315 2728 in
1328 2655 1460 2734 malum

300 2749 377 2818 noir
400 2757 537 2820 tantum
560 2749 677 2821 animo
696 2747 833 2838 hostili,
858 2749 954 2826 unde
977 2777 1014 2836 -p
1032 2771 1099 2842 pro
1113 2752 1264 2838 minim,
1287 2749 1347 2825 sed
1369 2751 1404 2824 δι
1422 2750 1461 2826 in

298 2839 457 2931 bonum,
487 2840 537 2916 ita
557 2856 597 2916 ut
616 2847 762 2917 emulari
782 2849 919 2942 aliquem
940 2841 975 2916 δι
986 2843 1089 2939 super
1101 2848 1209 2937 aliquo
1222 2846 1286 2933 fit,
1311 2845 1404 2935 stylo
1419 2869 1460 2919 ο·

293 2935 438 3028 aientis,
470 2938 614 3034 alicujus
636 2939 845 3018 felicitatem
865 2940 1004 3016 fervide
1025 2960 1252 3035 promovere.
1272 2937 1355 3031 Job.
1369 2959 1454 3012 vm:
1557 2962 1560 2967 ⁴

294 3037 328 3108 6.
354 3033 397 3107 In
422 3042 563 3112 excitare
587 3037 728 3114 Domini
749 3041 867 3134 itaque
889 3037 977 3125 erit,
1001 3057 1112 3131 quum
1124 3033 1302 3112 Dominus
1315 3033 1351 3108 se
1366 3034 1409 3108 ad
1422 3057 1457 3109 a·

292 3131 449 3229 gendum
463 3135 522 3206 vel
532 3136 760 3228 judicandum
773 3159 855 3212 cum
870 3138 949 3213 zelo
961 3136 1023 3208 irae
1037 3135 1074 3210 in
1083 3133 1241 3228 impios,
1267 3133 1301 3210 &
1317 3130 1456 3208 'favoris

291 3229 440 3323 inpios,
466 3233 689 3310 excitaverit:
717 3231 1015 3328 quemadmodum
1027 3230 1078 3306 Ps.
1095 3253 1200 3308 xxxin
1216 3253 1275 3326 23,
1298 3236 1405 3309 exmia
1425 3245 1456 3306 te

292 3323 466 3422 &evigilo
480 3327 827 3498 odgudiciummeum
843 3331 938 3406 Deus
953 3335 999 3404 mi
1012 3327 1207 3414 &Domine
1219 3334 1287 3402 mi!
1307 3331 1351 3403 od
1365 3333 1457 3404 litem

541 3423 585 3496 ed
605 3425 648 3497 ad
670 3425 831 3503 homines
855 3429 1060 3504 translatum
1080 3429 1231 3503 verbum
1254 3453 1319 3514 vm
1348 3424 1416 3498 deii
1439 3471 1454 3487 -

288 3521 387 3596 nabit
410 3535 550 3616 tempus
572 3521 659 3594 iflud
681 3523 885 3601 universatis
895 3524 1124 3621 suscitationis
1146 3546 1192 3598 ex
1211 3523 1386 3610 mortens,
1417 3449 1453 3593 51

290 3621 328 3690 in
342 3623 483 3692 excitare
499 3617 588 3708 erit,
613 3641 723 3713 quum
736 3618 956 3697 suscitaverit
969 3635 1148 3709 mortuos,
1172 3635 1258 3712 tunc
1277 3623 1452 3710 imaginem

288 3737 395 3788 eorum
416 3722 597 3790 conmmtim
619 3717 799 3808 troiioiit,
831 3740 908 3796 eam
929 3720 999 3794 effe
1020 3717 1268 3794 somniantium
1296 3710 1460 3806 speciem-

286 3811 470 3886 evanidam
493 3813 766 3903 demonstrabit,
798 3813 897 3890 slmul
912 3816 989 3910 ipsis
1003 3814 1206 3902 insmuabit,
1231 3823 1273 3884 ut
1289 3831 1372 3886 cum
1386 3835 1450 3906 pu-

288 3911 376 3982 dore
395 3907 430 3981 ἃ
448 3932 622 4000 moerore,
652 3910 739 3986 fletu
761 3912 795 3985 δι
816 3911 964 3988 stridore
986 3909 1168 3996 dentium,
1198 3903 1271 3980 sese
1286 3930 1374 3981 vana
1389 3908 1448 4002 spe

287 4001 441 4092 latiasse,
466 4007 666 4084 &inaniter
678 4009 856 4100 extulisse,
873 4006 1146 4103 experiantur&
1162 4020 1372 4103 agnoscent,
1397 4005 1449 4079 in·

285 4097 356 4175 star
373 4099 618 4196 somniantium
640 4105 987 4278 expergefaitoffi,
1008 4103 1169 4200 oppofite
1192 4101 1235 4176 ad
1254 4103 1356 4194 illos,
1388 4101 1451 4196 qui
1531 4174 1536 4183 .

1369 4221 1452 4278 cum
1527 4187 1582 4259 ²³³»
1707 4203 1714 4215 '
