3900 5117
523 506 596 591 790
716 470 1537 560 COMMENTARIUS·

531 688 636 763 ratio.
685 680 737 755 Ea
752 679 867 764 enim,
893 676 930 751 in
945 675 1082 773 origine
1097 672 1175 761 sua,
1196 673 1376 767 jadaram,
1400 672 1437 745 ta
1451 677 1702 767 irrequietum·

531 800 569 860 tu
589 778 814 857 circumactum
836 773 861 847 s1
886 789 966 863 nat3
991 773 1153 863 adeoque
1167 771 1210 842 ad
1226 772 1358 864 quaevis
1374 770 1477 862 hujus
1490 772 1615 845 mundi
1637 774 1702 848 bo.
1730 807 1734 813 ·

530 906 596 969 na,
621 898 697 971 quae
713 895 781 948 nec
797 896 845 968 po
874 871 1024 945 eliorem
1040 871 1221 962 quiescere
1235 867 1373 957 linunt,
1399 891 1466 942 nec
1480 868 1552 963 ipsa
1565 867 1701 946 stabilia

532 978 632 1064 sunt,
659 970 753 1045 redte
771 970 940 1043 refertur.

530 1102 540 1140 l
579 1077 612 1165 §.
627 1064 752 1143 XLVl.
777 1066 945 1139 Declarat
968 1064 1035 1136 Vir
1054 1062 1196 1139 Sentius
1249 1082 1281 1137 1.
1305 1082 1418 1136 unum
1437 1063 1521 1135 diem
1541 1063 1578 1136 in
1602 1068 1702 1143 atriis

532 1170 679 1267 Jehovae
710 1168 797 1237 mille
820 1166 898 1235 aliis
919 1162 1206 1257 praeferendum,
1258 1182 1290 1235 2.
1329 1162 1488 1251 adeoque
1509 1159 1544 1232 se
1568 1162 1702 1258 eligere

531 1268 589 1339 vel
607 1263 766 1339 infimum
782 1262 818 1334 in
833 1260 941 1334 domo
958 1260 1028 1331 Dei
1042 1261 1184 1348 locum,
1211 1280 1284 1351 pra·
1299 1260 1531 1329 inhabitatione
1546 1263 1583 1329 in
1598 1274 1701 1335 tenta·

531 1369 626 1437 tarbis
639 1362 866 1454 improbitatis.
916 1356 1007 1456 Quae
1021 1378 1152 1431 vocum
1166 1354 1356 1446 structura,
1383 1352 1502 1428 secum
1517 1376 1700 1451 compara.

533 1475 590 1547 ta,
613 1458 729 1543 hunc,
755 1468 796 1529 ut
817 1452 925 1529 modo
942 1456 1033 1544 dixi,
1059 1452 1178 1526 fundit
1192 1451 1349 1541 sensum,
1374 1454 1523 1525 brevem
1537 1452 1574 1526 in
1590 1454 1699 1532 domo

530 1555 624 1645 Dei,
652 1554 758 1628 etiam
779 1554 815 1625 in
838 1552 922 1625 loco
934 1548 1079 1641 infimo,
1106 1572 1244 1625 moram
1260 1548 1322 1623 fibi
1337 1551 1442 1646 longe
1455 1552 1698 1643 potioremes·

529 1652 566 1728 fe
581 1652 615 1727 δι
631 1652 751 1726 haberi
764 1650 928 1725 diuturna
941 1649 1002 1721 vel
1015 1648 1052 1722 in
1066 1651 1188 1738 medio,
1213 1647 1400 1742 besprim,
1425 1648 1511 1720 loco
1525 1652 1701 1728 tentorio·

530 1770 612 1826 tum
624 1748 869 1843 improbitatis.
919 1744 1100 1841 Oppofitae
1116 1746 1295 1839 utriusque
1308 1744 1573 1821 inhabitationis
1593 1750 1700 1840 quali.

532 1863 625 1925 tates
648 1846 705 1918 hic
731 1857 926 1918 occurrunt
946 1844 1051 1932 duae,
1083 1844 1194 1916 altera
1215 1844 1424 1930 durationis,
1455 1843 1569 1918 altera
1587 1849 1698 1936 modi,

533 1966 606 2039 quo
629 1942 812 2029 sehabet,
845 1940 924 2028 seu,
956 1939 1193 2039 dignitatis&
1216 1938 1341 2036 gradus
1359 1938 1620 2016 inhabitationis
1640 1964 1697 2016 re-

530 2040 664 2137 speblu.
714 2038 771 2115 Ad
792 2040 995 2113 durationem
1019 2039 1200 2133 pertinent
1222 2036 1315 2125 dies,
1349 2058 1435 2108 anus
1455 2035 1500 2120 Θ
1520 2044 1631 2129 milit,-
1656 2040 1702 2115 ad

532 2142 661 2214 madum
680 2137 882 2227 incolatus,
923 2141 1020 2211 limen
1045 2152 1146 2209 terere
1167 2135 1292 2208 domus
1313 2133 1411 2222 Dei,
1442 2133 1644 2209 &babitare
1664 2144 1705 2213 itt

533 2241 686 2311 tentoriis
700 2239 928 2332 improbitatis.
949 2230 1044 2308 Unus
1059 2234 1093 2306 bc
1108 2236 1197 2307 milia
1212 2246 1462 2326 opponuntur,
1489 2246 1528 2302 ut
1540 2228 1703 2306 breviili.

532 2356 633 2409 mum
648 2330 928 2430 &longiffimum
941 2346 1098 2424 tempus:
1121 2328 1417 2423 quemadmodum
1430 2326 1575 2422 pauci&
1591 2330 1704 2404 multi

532 2426 598 2504 filii
628 2426 762 2502 Eccles.
785 2450 863 2503 xvi:
886 2450 918 2521 3.
940 2426 1075 2523 prestat
1089 2448 1174 2499 unus
1186 2424 1317 2522 justus,
1342 2449 1438 2522 quam
1450 2428 1549 2499 milit.
1600 2425 1704 2501 Alte·

534 2548 615 2601 rum
629 2526 848 2613 membrum,
874 2529 973 2597 limera
988 2522 1175 2617 obseruare,
1200 2524 1236 2595 bt
1251 2527 1396 2596 babitare
1410 2529 1446 2595 in
1463 2528 1632 2611 tentoriis,
1658 2526 1704 2600 ad

534 2618 713 2695 diversum
734 2620 881 2697 modum
902 2620 935 2692 u
957 2620 1102 2718 gradum
1120 2621 1386 2695 inhabitationis
1402 2619 1558 2715 respicit.
1611 2620 1701 2696 Ver.

534 2722 622 2796 bum
647 2744 761 2819 nornen
793 2720 835 2791 ad
855 2723 953 2793 limen
977 2720 1086 2792 domus
1104 2716 1257 2890 gabatae
1278 2718 1312 2790 se
1327 2730 1470 2807 tenere,
1496 2716 1557 2791 vel
1575 2719 1699 2813 iimpli·

534 2816 626 2893 citer
643 2818 692 2893 ibi
709 2814 897 2891 confistere
912 2814 946 2890 &
961 2816 1088 2890 versari
1128 2817 1209 2906 icit,
1233 2816 1294 2889 vel
1310 2813 1466 2891 officium
1480 2822 1695 2891 excubomam

535 2918 571 2989 tc
592 2914 754 3009 custodum
776 2913 992 2990 liminum&
1014 2932 1198 3008 portarum
1225 2911 1491 3006 complebiimr3
1526 2914 1588 2989 sed
1607 2914 1703 3009 prius

536 3012 772 3108 probabilius,
797 3026 926 3104 utpote
941 3016 1065 3101 vilius,
1086 3012 1183 3105 quod
1197 3010 1254 3083 hic
1268 3013 1438 3103 maiorem
1452 3012 1632 3106 emphasin
1645 3013 1705 3087 ha·

536 3112 610 3186 bet.
637 3130 715 3183 axx.
741 3110 860 3200 itaque
882 3131 958 3183 non
981 3110 1072 3183 male
1093 3105 1482 3203 sensumexprell‘erunt
1497 3125 1703 3202 vertentes,

537 3209 829 3301 nomismata·
847 3206 1023 3301 prajeitam
1043 3206 1078 3280 δι
1097 3206 1252 3303 obtritum
1272 3206 1369 3295 elle,
1393 3206 1498 3281 instar
1513 3206 1646 3281 Lazari
1659 3206 1706 3281 ad

536 3304 666 3378 atrium
693 3303 830 3393 divitis,
863 3302 952 3377 Luc.
975 3326 1053 3379 xvi.
1081 3304 1176 3377 Huic
1194 3300 1337 3379 tlationi
1358 3303 1489 3378 ultimae
1512 3328 1623 3399 prope
1637 3306 1703 3381 do·

536 3421 634 3475 mum
659 3397 729 3470 Dei
754 3403 961 3494 opponitur
982 3404 1128 3475 babitare
1150 3407 1187 3474 irt
1212 3408 1361 3475 tentoriis
1383 3406 1618 3498 improbitatis,
1652 3405 1699 3479 sc.

535 3498 571 3571 ἂ
593 3498 675 3587 diu,
702 3512 738 3572 ct
759 3497 870 3571 libere
892 3520 933 3571 ac
955 3501 1092 3575 intime.
1143 3497 1303 3575 Verbum
1323 3500 1433 3574 Hebr.
1459 3528 1505 3575 sn
1531 3505 1698 3575 habitatio·

535 3620 629 3681 nem,
664 3596 702 3671 in
722 3594 838 3691 specie
860 3596 1025 3682 liberam,
1057 3598 1236 3688 intimam,
1269 3620 1336 3689 qua
1358 3597 1432 3689 quis
1454 3599 1490 3673 in
1504 3602 1629 3673 orbem
1647 3598 1695 3688 it,

536 3710 575 3766 et
600 3694 931 3787 ubique'versatur,
968 3718 1045 3790 quat
1058 3698 1159 3770 verbi
1174 3693 1325 3787 potestas
1340 3692 1410 3785 est,
1436 3710 1474 3769 et
1487 3699 1696 3785 diaturmm,

533 3808 612 3880 quae
635 3806 762 3864 atatem
789 3794 879 3882 fert,
912 3794 1070 3868 denotat.
1119 3789 1315 3884 Usurpatur
1335 3795 1432 3869 enim
1453 3818 1523 3868 vox
1540 3794 1701 3866 derivata

436 3912 442 3923 ·
532 3886 577 3958 de
599 3900 725 3977 aetate,
758 3886 992 3965 et'annorum
1007 3892 1089 3964 vitae
1109 3890 1271 3963 humanae
1288 3890 1567 3986 prescriptorum
1583 3892 1702 3985 perio

531 3982 591 4060 do.
642 3984 816 4082 Adeoque
831 4002 970 4065 aetatem
986 4010 1083 4089 agere
1096 3987 1155 4066 hic
1167 3987 1264 4067 teile
1281 3990 1444 4067 scrutur.
1549 4046 1699 4164 XLVII-
