3900 5117
507 486 604 639 tu
690 491 1509 649 COMMENTARIUq

508 773 551 835 ut
573 750 715 826 videtur
730 768 748 833 ς·
785 740 856 813 sine
877 766 896 813 ι
916 738 1011 815 enim
1038 734 1263 812 conneditur
1287 720 1368 813 cuni
1384 752 1529 811 -c-aterot
1544 715 1628 832 feru
1646 745 1684 821 dt
1713 746 1732 795 ψῐ

510 857 618 931 tauris
645 866 685 919 ac
714 842 961 929 conculcatore,
994 837 1056 911 sed
1080 860 1161 910 cum
1182 866 1200 911 ι
1222 858 1304 907 curn
1326 839 1447 906 vitulis
1470 836 1504 908 ἃ
1525 840 1682 937 quoffato.

507 954 597 1026 tibus
631 945 773 1038 argenti.
822 934 911 1009 'Nec
947 936 1035 1011 iilud
1056 935 1357 1026 abimplemento
1379 936 1468 1009 adeo
1489 938 1677 1032 adhorret3

507 1036 1009 1141 Syro-Macedonicumenim
1033 1054 1200 1130 regnum,
1233 1052 1315 1107 cum
1336 1033 1478 1124 populis
1503 1036 1684 1113 infenfiffi,
1821 1088 1825 1096 .

507 1145 573 1223 mis
586 1135 876 1229 Trans-jordan,
903 1132 955 1205 est
971 1128 1206 1217 destmttunn
1232 1127 1357 1220 Tyrii,
1370 1129 1406 1200 dt
1421 1131 1580 1207 Philistaei
1599 1135 1691 1214 sunt,
1724 1157 1730 1181 ι

509 1236 671 1335 repreffi,
690 1229 901 1309 *Samaritani
924 1230 958 1301 ἃ
980 1230 1123 1301 idumei
1144 1226 1272 1320 Judaeis
1295 1224 1449 1316 subjetti.
1500 1227 1558 1301 De
1572 1230 1686 1322 Syro'.
1723 1254 1727 1261 ·

508 1335 652 1416 Maced
673 1334 747 1406 vid.
762 1326 849 1409 Diu.
867 1324 997 1401 nostrae
1011 1326 1055 1397 ad
1068 1324 1159 1395 Dan.
1176 1322 1341 1395 vaticinia
1353 1325 1615 1402 emblematicag
1630 1332 1680 1403 de

506 1434 691 1520 Moabitis,
730 1452 810 1503 curn
840 1424 963 1517 quibus
986 1421 1203 1495 Ammonitae
1224 1420 1390 1514 deinceps
1414 1422 1549 1498 confuss
1574 1425 1677 1519 suot,

385 1578 389 1587 ·
506 1537 569 1631 qui
585 1522 768 1605 communi
781 1520 927 1597 nomine
942 1520 1100 1593 Arabum
1112 1534 1313 1604 uenerunt,
1340 1518 1410 1592 vid
1429 1518 1495 1611 Jes.
1513 1540 1597 1597 xxv:
1617 1545 1689 1615 10,¹

508 1654 590 1721 11.,
617 1628 832 1703 triturabitur
857 1616 956 1691 Moab
960 1615 1077 1711 subter
1082 1613 1140 1711 se,
1167 1630 1205 1687 ut
1220 1622 1400 1690 cantentur
1411 1622 1506 1712 palea
1521 1620 1685 1714 infima,
1811 1618 1815 1631 .

506 1730 584 1804 &ct
611 1726 671 1799 ubi
695 1720 764 1794 vid.
789 1716 844 1792 Cl.
867 1712 1050 1811 Vitringa:
1080 1712 1124 1785 de
1138 1713 1288 1806 ¹reliquis
1312 1715 1452 1809 populis
1473 1717 1544 1789 vid.
1567 1718 1678 1795 Zach.

503 1822 697 1914 1x.ObadJ.
713 1816 802 1893 vers.
823 1817 876 1889 18.
892 1810 985 1905 Joet
1004 1833 1060 1885 tv.
1075 1809 1209 1903 Tseph.
1228 1834 1283 1886 tt.
1298 1812 1332 1885 δι
1347 1814 1440 1886 alibi.
1485 1813 1681 1910 Ceterum,

503 1942 591 2005 cum
608 1917 749 1997 liberati
766 1916 811 1989 ab
833 1908 1057 2006 oppreffione
1072 1906 1290 2003 Epiphanica
1303 1910 1362 1985 hic
1374 1912 1586 2005 loquantur,
1602 1937 1679 2009 pre·

505 2029 679 2117 cibusque
701 2012 976 2093 introducantur
993 2025 1146 2102 petere,
1180 2023 1221 2083 ut
1242 2007 1343 2083 Deus
1363 2008 1508 2084 hostiles
1525 2016 1678 2107 populos

505 2130 674 2220 irrumpet,
683 2112 863 2193 observari
878 2106 1007 2199 velim,
1022 2106 1156 2183 nonde
1171 2106 1277 2183 initio
1291 2106 1350 2183 sed
1366 2108 1550 2207 progressu
1564 2112 1674 2185 incre

507 2220 667 2319 pationis
684 2212 838 2307 intelligi
859 2209 1014 2298 debere,
1046 2222 1090 2281 ut
1109 2211 1263 2302 increpa,
1294 2204 1336 2281 fit
1359 2213 1526 2302 increpare
1547 2232 1610 2302 per
1632 2234 1676 2301 e,

508 2322 547 2392 dt
568 2310 789 2405 increpando
807 2328 883 2383 rem
906 2302 1071 2405 perfice,
1083 2302 1323 2398 fiveinerepa
1342 2305 1509 2393 ulteriuS,
1531 2306 1565 2379 u
1635 2306 1672 2381 ii·

506 2432 596 2491 nem
619 2430 740 2500 usque,
789 2403 888 2479 Sicut
911 2401 1000 2473 veri
1021 2424 1077 2494 29.
1101 2401 1282 2489 dixerant,
1301 2400 1404 2496 firmo
1417 2404 1593 2500 quodmiit
1606 2427 1670 2474 mr·
1714 2428 1717 2435 ²

506 2513 594 2585 litus
608 2528 663 2593 es,
688 2504 756 2593 ita,
782 2524 827 2577 eo
839 2496 1088 2592 respicientes,
1114 2498 1173 2573 hic
1186 2499 1328 2589 dicunt,
1355 2509 1505 2597 increpa,
1521 2496 1675 2588 sciucet,

506 2620 554 2679 ut
575 2601 736 2677 firmetur
756 2600 793 2675 δι
806 2595 1073 2674 consummetur
1084 2596 1257 2673 molimen
1270 2602 1423 2677 tuumin
1436 2598 1581 2701 gratiam
1599 2618 1679 2672 nos·

560 2804 593 2891 §.
606 2796 699 2884 XCI.
739 2804 769 2871 b.
789 2802 957 2896 Sequitur
969 2805 1068 2878 ‚ratio
1086 2822 1268 2895 movens,
1301 2826 1371 2899 qua
1388 2803 1602 2895 petitionem
1623 2818 1687 2871 ur·

503 2911 620 2995 gent,
645 2893 699 2969 his
719 2900 839 2969 verbis
862 2900 994 2971 ultimis
1014 2900 1104 2973 veri
1130 2925 1188 2992 3¹·
1209 2918 1268 2984 tu,
1292 2907 1350 2988 qut·
1362 2894 1511 2983 disperstt
1523 2900 1702 2983 populos,

509 2994 572 3087 qui
591 2996 716 3087 preliis
741 2994 950 3068 delebantur.
1004 2995 1094 3066 Cum
1115 2996 1226 3063 subita
1241 2989 1302 3060 fiat
1316 2986 1475 3080 personae
1488 2987 1702 3061 mutatioa·
1739 3017 1742 3021 ·

498 3088 646 3184 fituuda
668 3088 707 3157 in
733 3094 883 3181 tertiam,
908 3091 1145 3182 Interpretes,
1169 3086 1213 3160 ad
1235 3106 1314 3159 eam
1335 3080 1585 3171 offendentes,
1618 3102 1696 3158 vat

506 3181 564 3259 rie
590 3178 843 3283 inuenerunt,
874 3188 919 3261 ad
947 3186 1075 3279 stylum
1106 3183 1233 3277 Script
1256 3182 1292 3255 dt
1310 3181 1507 3273 OrientaL,
1546 3182 1621 3257 imo
1642 3181 1681 3254 u

508 3279 576 3355 Gr·
599 3300 640 3351 ac
663 3276 754 3367 Lat,
770 3282 849 3357 satis
862 3284 1048 3370 ufitatum,
1074 3283 1192 3358 minus
1212 3281 1464 3368 adtendentes,
1490 3302 1558 3357 nec
1579 3280 1681 3375 ellip-

508 3376 581 3465 fin,
606 3379 643 3451 in
658 3378 832 3473 ejusmodi
847 3384 1103 3457 mutationibus
1114 3383 1309 3466 ¹latentem,
1334 3380 1585 3465 advertentes,
1600 3399 1679 3470 quae

509 3473 706 3568 supplenda
726 3472 798 3559 est,
831 3492 871 3549 ut
890 3478 927 3549 in
950 3478 1112 3550 verbone
1131 3478 1214 3550 feci.
1272 3476 1380 3572 Cujus
1401 3478 1497 3551 vatia
1515 3475 1679 3564 exempla

509 3569 664 3671 produxi
685 3570 729 3643 ad
750 3570 837 3646 Mar.
859 3593 917 3647 111:
941 3593 975 3661 9.
1025 3568 1191 3668 Disperfit
1209 3579 1342 3669 populor
1361 3576 1429 3649 dte.
1446 3575 1564 3661 itaque
1579 3569 1678 3647 idem

510 3670 585 3754 est,
611 3690 652 3741 ac
674 3680 713 3739 tu
734 3670 810 3755 ilie,
836 3674 913 3765 qui,
939 3667 1097 3758 disperiit
1115 3670 1184 3744 dte.
1234 3670 1342 3770 Quod
1364 3672 1498 3743 addunt
1511 3684 1677 3758 orantes,

506 3786 552 3841 ut
575 3768 713 3849 Deum,
740 3788 845 3858 quem
865 3764 1102 3855 adloquuntur
1116 3765 1293 3856 dicentes,
1319 3774 1470 3859 increpa,
1495 3764 1538 3837 ad
1552 3787 1678 3858 preces

509 3860 604 3939 sutas
624 3862 858 3938 exaudiendas
874 3874 1128 3954 permoveant,
1153 3867 1290 3939 ratione
1305 3861 1442 3937 dubita
1460 3860 1558 3943 sueta
1573 3886 1679 3961 agen·
1772 3891 1777 3904 ·

508 3960 728 4051 ditatione,
755 3981 859 4055 quam
880 3957 982 4033 Deus
1004 3959 1041 4031 in
1063 3962 1294 4060 gubernando
1315 3961 1473 4051 mundo,
1499 3961 1680 4054 inprimis
1719 4022 1723 4033 .

505 4063 650 4170 populo
664 4060 747 4153 suo,
764 4059 947 4155 hucusque
962 4058 1099 4155 tenuit,
1123 4059 1274 4139 &variis
1289 4061 1557 4161 speciminibus,
1572 4057 1684 4227 etiaim}
