3900 5117
372 589 446 648 nn·
510 559 877 641 eruunt
952 559 1145 674 txxvlu.
1170 591 1230 666 42,
1247 597 1305 672 43·
1386 599 1457 682 553
1539 557 1540 560 Ὺ

284 790 405 866 copae,
430 762 521 840 vers.
543 780 738 855 42-55o
762 759 843 838 sunt
865 759 1071 856 sequentes,
1104 789 1136 844 a.
1151 765 1271 846 Primo
1285 773 1337 848 est
1373 797 1454 854 ene.

282 870 413 955 ralior,
428 885 506 958 que
520 883 644 936 omnes
654 859 855 954 superiores
870 861 1098 940 liberationes
1111 867 1157 940 ab
1164 867 1339 960 hostibus,
1349 797 1454 948 fuae.

282 967 357 1041 lem
379 957 685 1058 opprimentibus,
718 953 986 1052 complecitur,
1011 959 1102 1038 vers.
1124 985 1184 1054 42.
1201 961 1283 1039 Non
1296 972 1456 1052 recordati

275 1059 361 1161 sunt
379 1081 495 1135 nunus
517 1058 607 1153 ejus,
632 1056 684 1129 die
703 1079 762 1152 quo
783 1055 925 1129 redemit
939 1066 990 1128 'cot
1012 1079 1052 1128 ex
1069 1065 1151 1134 miti
1170 1061 1345 1160 angustia,
1369 1065 1404 1142 h.
1420 1091 1455 1146 e,

282 1159 331 1236 ad
349 1158 505 1232 animum
523 1176 599 1228 uon
621 1167 843 1228 revocarunt
862 1166 1060 1247 tentatores
1087 1155 1158 1249 illi,
1189 1159 1250 1234 sed
1271 1161 1457 1241 oblivione

158 1250 166 1256 .
284 1258 515 1342 delevenrnt,
552 1251 843 1346 omnipotentem
869 1247 1133 1346 Deimauum,
1170 1279 1274 1350 quam
1299 1259 1457 1342 exseruit

283 1355 323 1430 in
337 1373 461 1427 eorum
477 1349 644 1448 gratiam,
670 1370 743 1442 quo
758 1363 922 1442 tempore
936 1368 1000 1422 eos
1014 1353 1258 1442 prementibus
1276 1356 1455 1436 &arctan-

282 1452 376 1529 tibus
403 1443 567 1547 argutiis
590 1447 731 1542 eripuit
791 1439 895 1520 Nihil
913 1444 952 1520 in
973 1444 1093 1520 verbis
1109 1445 1168 1525 est
1181 1449 1347 1529 obscuri:
1369 1455 1455 1551 sed,
1478 1499 1480 1504 ,

281 1546 381 1650 quod
400 1545 444 1621 ad
466 1544 569 1622 remi
595 1543 666 1621 sam
678 1543 835 1635 adtinet,
858 1565 941 1620 cum
955 1564 1031 1620 uon
1045 1543 1159 1638 dicat,
1184 1549 1329 1643 quodie
1343 1561 1455 1646 panes.
1594 1627 1598 1632 .

281 1668 428 1734 eorum,
453 1643 515 1718 sed
528 1567 611 1740 ipssrs
631 1643 784 1740 eripuit,
809 1656 983 1738 preterea
999 1645 1215 1742 ‚generaliter
1229 1647 1393 1740 loquatur
1407 1652 1456 1725 de

282 1740 533 1842 dicangustiae,
557 1739 852 1831 existimaverim,
869 1739 928 1813 hic
942 1741 980 1815 in
991 1761 1125 1838 genere
1143 1742 1283 1820 intendi
1297 1743 1456 1840 superio·

282 1863 338 1916 res
359 1841 607 1930 liberationes,
635 1860 719 1934 quer
740 1839 931 1915 interram
951 1834 1160 1918 Cenanaearu
1176 1841 1247 1934 iam
1259 1841 1456 1921 introducti

281 1937 428 2015 fuerant
442 1937 629 2014 consecuti
643 1957 755 2040 usque
777 1935 822 2010 ad
834 1934 921 2010 1llud
935 1947 1094 2046 tempus,
1121 1959 1192 2108 {uo
1206 1935 1325 2016 Deum
1338 1955 1456 2030 tenta,

281 2051 368 2112 runt
387 2051 464 2112 tem
479 2047 553 2109 ‘ore
572 2033 641 2108 Eli.
690 2033 822 2132 Agitur
850 2031 948 2108 enlm
971 2032 1031 2106 hrc
1054 2034 1099 2108 de
1154 2035 1367 2130 phraimitis,
1391 2037 1459 2115 seu

282 2131 447 2208 Israelitis
460 2059 522 2207 Rp,
535 2132 737 2236 principatu
752 2127 1068 2243 Ephrtu'mitarumr
1085 2153 1157 2226 quo
1171 2135 1454 2236 temporeDeuu

282 2249 349 2304 eos
371 2231 447 2317 ase
466 2230 671 2327 repudiatos
692 2226 763 2302 else
783 2224 1056 2303 demonstravit:
1088 2231 1183 2323 quod
1206 2246 1370 2328 tempore
1392 2230 1454 2309 Eli

283 2324 520 2419 factum-um
560 2341 608 2404 ut
627 2323 749 2422 postea
763 2324 981 2400 uidebimus.
1048 2323 1197 2421 Experti
1222 2345 1345 2405 autem
1369 2329 1453 2409 sunt

286 2421 507 2518 temporrbus
524 2417 690 2517 judicum
713 2444 823 2518 usque
846 2421 890 2496 ad
903 2416 969 2495 'Eli
986 2423 1199 2520 multiplices
1212 2423 1405 2528 angustus,
1427 2449 1454 2506 'a
1501 2495 1503 2498 ,

283 2519 412 2616 quibus
426 2521 576 2602 mirabili
590 2520 661 2598 Dei
674 2541 781 2622 manu
797 2519 992 2598 identidem
1005 2520 1249 2602 liberati-sunt.

303 2711 307 2718 .
334 2621 368 2708 ς.
382 2615 564 2694 XXXVII.
611 2612 816 2692 b'Secunda
833 2637 913 2710 pars
936 2613 1121 2714 specialior
1144 2620 1225 2716 est,
1257 2645 1324 2718 qua
1346 2627 1451 2716 altius

285 2711 510 2790 adscenditur
528 2712 574 2788 ad
592 2711 743 2808 majores
759 2713 803 2789 in
822 2715 992 2812 Aegypto
1011 2715 1053 2790 'u
1075 2713 1216 2796 deserto
1238 2724 1453 2815 usquedum

263 2809 422 2888 ⁴stabiles
448 2808 547 2886 sedes
574 2809 809 2888 inundanter
829 2814 1062 2914 acceperint,
1087 2815 1184 2889 vers
1202 2839 1367 2909 -43-55.
1406 2820 1452 2896 In

283 2931 352 3004 que
395 2930 435 2986 r.
461 2924 658 2985 occurrunt
669 2907 802 3001 judicia
813 2905 886 2982 Dei
897 2907 1170 3007 iri-Aegyptios,
1197 2913 1322 3002 quibus
1342 2913 1451 2986 lsrae-

282 3005 325 3082 lis
338 3004 440 3080 causa
453 3005 536 3084 sunt
546 3004 698 3100 udfflffl2
724 3003 817 3082 vers.
830 3016 995 3103 43-251.
1019 3005 1127 3099 Cujus
1144 3007 1320 3102 pericope
1338 3011 1450 3084 verbu

282 3101 511 3194 recensebo,
529 3103 564 3178 dt
584 3126 673 3180 mox
694 3103 888 3180 illustrabo.
930 3102 1165 3186 Praemittitur
1191 3106 1363 3204 generalis
1390 3105 1450 3188 de·

284 3195 431 3293 scriptio
450 3201 702 3275 miraculorum
717 3201 762 3276 'in
780 3202 971 3301 Aegypto,
995 3201 1096 3278 vers.
1116 3225 1174 3298 43.
1199 3197 1274 3305 Quo
1287 3201 1394 3300 posuit
1409 3202 1450 3278 'ln

282 3289 549 3396 Aegyptozfigna
562 3292 650 3384 sua,
677 3291 772 3396 &²⁸²²
789 3295 993 3395 agro'Tsean
1003 3315 1154 3396 portenta
1162 3297 1240 3398 sua.
1265 3301 1300 3378 h.
1315 3317 1348 3378 e.
1373 3315 1452 3380 nott

279 3387 462 3471 recordati
484 3385 572 3461 sunt
592 3408 715 3462 manus
737 3389 905 3482 Deidie,
937 3419 1011 3490 quo
1034 3395 1238 3494 poluituc.
1263 3397 1329 3474 hac
1351 3395 1449 3492 enim

281 3489 425 3568 ‘ratione
445 3483 639 3580 supplenda
659 3479 711 3556 est
734 3505 778 3559 ex
798 3491 949 3580 praeced.
969 3497 1104 3584 oratio,
1125 3491 1333 3584 utconstr't.
1383 3492 1450 3566 Po-

282 3579 361 3667 ner'e
387 3583 482 3683 fignu
500 3578 553 3656 est
572 3581 828 3677 pulamcomm
848 3588 1009 3662 omnium
1027 3591 1138 3666 oeulis
1164 3601 1397 3685 proponere,
1413 3587 1451 3662 dt

285 3681 634 3779 insupembilimanu
647 3679 921 3773 imponere,eui
934 3679 1041 3756 re'fisti
1056 3708 1128 3762 noo
1140 3688 1272 3781 potuit.
1281 3687 1449 3780 Sequitur

282 3805 373 3860 mox
399 3777 554 3876 specialis
575 3797 703 3851 eorum
722 3777 900 3876 fignorllm
920 3783 1227 3857 commemoratio.
1283 3779 1450 3884 Quorum

282 3885 430 3976 primum
449 3871 502 3950 est
520 3872 709 3950 converfio
731 3896 900 3969 aquarum
918 3873 958 3952 io
978 3875 1203 3974 sanguinem,
1227 3901 1310 3976 ques
1323 3881 1449 3957 bibere

287 3996 362 4051 non
386 3987 604 4070 potueruut,
634 3969 726 4047 vers.
748 3995 808 4065 44
833 3969 884 4046 Et
899 3979 1063 4048 conuertit
1077 3971 1452 4088 insanguittnnfluuiot

285 4093 413 4166 cotum,
425 4071 467 4154 dc
482 4067 615 4169 fluenta
635 4065 774 4171 ipsorum
793 4090 861 4256 ’Ἀθη
874 4073 1032 4152 bibebant.
1058 4071 1092 4153 h.
1108 4095 1141 4154 e.
1160 4069 1288 4154 lubere
1300 4089 1375 4152 nou
1387 4093 1451 4172 po·

845 4187 922 4252 aet
1313 4187 1453 4269 terant,
