3900 5117
473 467 518 560 98
648 455 1463 541 cosrnsu‘rnnros
1586 475 1588 479 ’

476 659 547 747 est,
579 662 636 733 cui
659 658 851 750 respondet
873 672 959 731 tunc
984 660 1102 749 Sinai,
1127 658 1179 732 uti
1196 655 1285 736 vers.
1304 662 1361 734 18.
1412 658 1509 732 Sinai
1523 657 1646 755 insuu-

477 758 534 831 tio.
587 757 683 829 Sinai
704 757 798 829 eninr
822 758 877 827 hic
903 759 1087 847 occurrit,
1127 772 1292 849 tanquam
1312 758 1373 829 ubi
1396 755 1497 831 Deus
1519 758 1643 833 ‘sedem

477 854 621 941 habuit,
649 852 743 925 unde
766 854 845 925 coeli
865 851 1056 947 stillarunt,
1090 856 1147 929 lex
1160 854 1381 950 promulgata
1393 853 1465 943 est,
1490 854 1647 929 &bene-

478 949 584 1027 ditio
598 952 754 1023 manavit
768 953 812 1023 ad
826 952 1000 1027 lsraelem.

485 1108 491 1115 .
529 1052 561 1137 p.
575 1046 686 1119 XXV.
714 1048 849 1145 Pergit,
881 1049 951 1122 hoc
971 1049 1065 1140 jaiio
1084 1050 1345 1143 fundamento,
1375 1066 1482 1144 poeta
1502 1052 1547 1123 ad
1566 1053 1647 1127 illu·

477 1145 806 1238 strioresperiodos
825 1146 1001 1221 felicitatis
1021 1146 1182 1219 Ecclefiae
1207 1147 1358 1240 Judaicae
1385 1148 1614 1221 recensendas
1623 1172 1650 1236 ·,

480 1242 569 1318 vers.
599 1265 753 1335 10—30.
802 1241 960 1342 Quarum
999 1272 1031 1316 κ.
1054 1244 1184 1336 prima,
1216 1246 1259 1317 ad
1280 1245 1554 1339 prosperrimum
1567 1266 1646 1341 reg·

481 1363 568 1421 num
588 1341 783 1411 Salomonis
805 1341 840 1412 in
863 1340 982 1432 primis
1003 1342 1209 1433 pertinens,
1243 1341 1331 1415 vers.
1363 1350 1522 1433 10-1'4
1554 1346 1647 1415 viv'u

481 1438 682 1533 depingitur
707 1438 895 1509 coloribus.
963 1437 1035 1509 Ubi
1074 1473 1106 1513 a.
1128 1440 1338 1533 proponitur
1366 1442 1439 1532 ejus
1467 1440 1647 1529 felicitas,

481 1535 570 1607 verl'.
600 1557 753 1625 10-13.
812 1538 847 1619 β.
874 1531 1105 1609 confirmatur
1125 1537 1159 1607 dc
1179 1534 1436 1629 amplificatur,
1469 1536 1559 1611 vers.
1589 1558 1648 1627 14.

479 1667 515 1706 o.
543 1632 582 1703 ln
607 1630 845 1721 propolitioue
894 1654 926 1703 α.
953 1634 1163 1726 prosperitas
1193 1634 1229 1705 in
1258 1657 1389 1731 genere
1414 1634 1651 1724 describiutr,

480 1726 570 1801 vers.
605 1748 761 1799 10—12.
820 1732 851 1799 b.
882 1728 991 1801 relate
1026 1732 1070 1801 ad
1098 1728 1238 1802 hostiles
1269 1734 1421 1829 populos
1448 1734 1486 1805 in
1506 1732 1655 1826 specie,

479 1823 572 1902 vers.
601 1828 653 1915 1'3.
680 1846 756 1914 quae
778 1824 849 1897 duo
864 1824 922 1895 hic
936 1844 1198 1916 memorantur,
1223 1842 1390 1921 tanquam
1409 1836 1540 1902 tremori
1558 1844 1655 1900 rme

481 1922 516 1995 δι
537 1919 718 2013 stillarum·
740 1922 930 2009 coelorum,
964 1923 1008 1994 dc
1032 1924 1228 2017 quomodo
1243 1942 1321 1999 erat
1335 1926 1485 2015 ditium,
1508 1947 1653 2019 respon·

481 2018 630 2107 dentia;
663 2018 759 2110 quod
780 2021 892 2110 probe
915 2019 1172 2096 advertendum
1192 2022 1255 2097 est.
1315 2046 1346 2098 a.
1380 2023 1509 2117 Incipit
1536 2021 1656 2097 oratio

482 2116 694 2212 prophetica
716 2139 736 2187 a
756 2114 878 2189 futura
891 2116 1081 2214 felicitate,
1109 2114 1343 2194 benedictioni
1357 2120 1428 2192 Dei
1443 2140 1589 2214 accepta
1601 2118 1655 2192 fe·
1720 2199 1725 2205 ,

483 2214 613 2299 reuda,
637 2210 819 2303 stillationi
843 2218 989 2287 culorum
1005 2218 1050 2290 in
1075 2217 1214 2291 deserto
1234 2215 1355 2305 fimili,
1382 2219 1479 2307 cujus
1492 2219 1657 2309 proxime

485 2310 576 2384 aaa
597 2326 672 2381 erat
693 2311 860 2400 mentio,
894 2312 1017 2387 eadem
1040 2329 1180 2389 retenta
1198 2314 1276 2386 fere
1300 2312 1436 2406 phrali,
1476 2310 1563 2383 vers.
1594 2330 1655 2381 10.

486 2430 563 2501 quae
592 2428 677 2479 mox
708 2407 814 2504 magis
844 2410 988 2503 proprie
1016 2412 1223 2505 exponitur,
1262 2410 1416 2482 &latius
1438 2406 1655 2491 deducitur,

418 2506 423 2519 '
485 2501 577 2577 vers.
606 2525 763 2579 11-12.
816 2526 847 2578 1.
873 2506 988 2579 Phrasi
1009 2506 1267 2601 metaphorica,
1299 2506 1352 2578 his
1374 2503 1491 2577 verbis
1513 2503 1660 2574 exhibe-

486 2616 545 2676 tur
566 2604 796 2695 prosperitas,
827 2602 918 2677 vers.
938 2626 993 2676 10.
1042 2603 1181 2677 imbrem
1194 2608 1459 2676 exuberationum
1473 2602 1660 2686 evibrobir,

487 2698 602 2775 Deus!
635 2705 671 2771 in
692 2704 908 2775 hereditatem
928 2718 1040 2786 ruam,
1065 2722 1162 2798 quam
1185 2716 1224 2773 tu
1238 2704 1280 2773 ad
1293 2690 1662 2787 incitasredadiamfir-

488 2793 596 2887 musti.
622 2798 657 2870 h.
678 2821 713 2871 e.
749 2797 839 2873 Cum
861 2799 941 2887 Tu,
976 2799 1134 2888 oDeus,
1159 2816 1290 2874 terram
1305 2794 1532 2880 Cananaeam‚
1557 2815 1662 2884 quam

489 2892 574 2969 Tibi
595 2896 632 2969 in
654 2895 752 2971 usum
776 2898 898 2991 populi
921 2899 972 2970 tui
987 2897 1141 2992 elegisti,
1164 2896 1198 2966 dr
1211 2912 1307 2967 tuam
1321 2888 1454 2977 fecisti,
1482 2890 1583 2962 valde
1599 2912 1661 2981 op-

488 2991 659 3087 preffam,
686 2994 720 3061 dt
740 2996 782 3063 ad
798 2994 945 3064 summas
962 2992 1136 3062 redaitam
1149 2987 1339 3083 angustias,
1356 2984 1495 3063 firmate
1507 2990 1578 3077 jam
1594 3008 1662 3058 coe-

488 3088 608 3183 peris,
636 3083 804 3157 intestinis
819 3086 931 3157 turbis
944 3082 1091 3172 sedatis,
1114 3085 1149 3156 tr
1162 3106 1273 3181 regno
1286 3107 1369 3158 meo
1384 3085 1420 3158 in
1435 3107 1477 3159 ea
1489 3082 1664 3172 stabilitos

491 3204 535 3257 ea
553 3204 611 3267 me
634 3179 734 3255 firma
754 3198 854 3255 tenet
875 3179 970 3273 spes,
997 3203 1102 3273 quani
1123 3182 1337 3275 implendam
1359 3182 1450 3270 elle,
1482 3183 1517 3255 in
1540 3180 1664 3274 spiritu

491 3301 634 3375 quoque
656 3278 855 3371 praevideo,
881 3276 983 3364 fore,
1017 3296 1056 3352 ut
1078 3277 1344 3354 liberaliffimum
1361 3278 1613 3354 beneditiionis
1627 3277 1666 3350 tr

492 3379 630 3473 spiritus
662 3376 810 3459 imbrem
834 3376 870 3448 in
891 3396 968 3449 eam
990 3374 1032 3447 fis
1053 3398 1136 3450 curn
1157 3380 1403 3451 coruscatione
1420 3380 1661 3462 evibraturus,

496 3478 640 3551 adeam
665 3472 842 3565 quibusvis
866 3474 988 3561 bonis,
1024 3476 1265 3568 corporalibus
1284 3475 1318 3545 dt
1333 3474 1583 3568 spiritualibus,
1609 3493 1662 3543 re-

494 3570 984 3667 plendamtquemadmodunr
999 3572 1085 3644 olim
1101 3577 1169 3643 coli
1178 3570 1356 3663 stillarunt
1371 3575 1406 3647 iu
1416 3570 1663 3647 desertoDuo

494 3668 582 3743 iimt-
598 3668 710 3763 uersus
734 3670 911 3755 membra,
949 3672 1090 3740 cliuum
1113 3670 1150 3741 in
1172 3668 1254 3753 fut,
1271 3674 1411 3742 alterum
1425 3672 1462 3743 in
1483 3684 1583 3764 praet
1605 3690 1663 3740 ex-

492 3764 668 3859 prelium,
703 3764 855 3857 quorum
876 3766 994 3858 itaque
1012 3773 1106 3861 prius
1128 3769 1263 3841 bonurn
1284 3768 1547 3854 exhibendum,
1578 3763 1663 3860 post·

496 3865 584 3933 erius
598 3860 666 3950 jam
683 3865 895 3951 exhibitum,
921 3888 992 3957 quo
1010 3880 1173 3959 tempore
1188 3864 1240 3937 Ps.
1257 3863 1468 3957 compositus
1483 3863 1552 3947 est,
1578 3880 1663 3930 con-

498 3959 599 4045 tinet.
651 3955 731 4057 Qua
744 3963 881 4039 ratione
898 3965 1007 4043 verba
1022 3962 1088 4043 fut.
1105 3962 1250 4060 &praet
1269 3962 1436 4058 temporis
1452 3952 1663 4065 usumsuuni

1486 4067 1666 4141 sennenn
