3900 5117
536 590 616 670 ,η
723 553 1534 646 souueursu1us

541 773 689 856 deame,
707 762 843 839 eulmm
856 758 1021 837 ritudem
1033 754 1284 837 nemetum
1296 758 1413 839 adure
1425 763 1548 849 locum
1559 766 1711 869 hahere,

545 872 582 949 dc
595 862 833 941 exercendum
851 858 934 934 eise.
1486 927 1488 930 ,

594 970 627 1056 ς.
644 962 707 1039 Χ.·
732 989 758 1037 r.
780 956 900 1033 Tertiax
920 954 1123 1052 hypothesis
1143 956 1214 1048 est,
1249 956 1446 1051 Davidem,
1472 969 1554 1059 vei,
1579 969 1647 1047 sese
1666 972 1710 1049 ad

545 1064 705 1160 querelas
728 1054 804 1135 suas
825 1053 929 1150 super
948 1056 1146 1131 calamitate
1167 1055 1247 1147 sua,
1274 1059 1318 1132 ab
1332 1057 1490 1136 hostibus
1503 1068 1711 1161 indiam&

542 1181 668 1343 geces
683 1178 749 1251 pro
764 1153 977 1229 liberatione
993 1152 1067 1241 sua,
1095 1174 1137 1226 ac
1151 1152 1300 1228 hostium
1313 1151 1573 1251 prostratione,
1589 1190 1712 1247 coram

584 1280 630 1331 eo
640 1250 896 1345 effundendu,
912 1251 1180 1350 adcingentem,
1195 1272 1215 1323 a
1229 1247 1362 1343 Spiritu
1376 1253 1591 1346 prophetico
1605 1253 1727 1341 fuisse

544 1355 588 1431 ad
612 1354 737 1428 altiora
757 1348 941 1440 evodium,
973 1348 1007 1423 dt
1029 1345 1159 1423 Mesiae
1177 1344 1348 1440 passiones
1368 1350 1488 1424 verius
1506 1376 1613 1449 quam
1633 1359 1712 1438 suas
1738 1394 1740 1397 ¹

546 1448 758 1545 depinxisse,
773 1447 843 1522 sed
864 1462 947 1522 cum·
968 1458 1140 1540 perpetua
1151 1442 1196 1517 ad
1209 1441 1337 1519 statum
1351 1444 1387 1517 dc
1401 1446 1619 1531 adfeuiones
1633 1454 1711 1535 suas

397 1560 402 1567 .
547 1548 746 1638 adlufionei
770 1543 858 1623 ficut
883 1542 934 1619 Ps.
950 1564 1022 1615 ην
1043 1541 1079 1614 dr
1092 1562 1228 1629 nme,
1251 1539 1413 1636 respestu
1424 1544 1621 1627 Salomonis
1635 1577 1712 1632 om·

546 1646 635 1727 nino
657 1644 789 1720 fastum
811 1641 881 1732 est,
905 1660 951 1716 ne
973 1640 1038 1713 asia
1059 1659 1261 1713 memorem
1273 1641 1458 1737 exempla,
1481 1646 1565 1737 vel,
1588 1650 1628 1726 iu
1642 1651 1712 1729 suis

545 1742 800 1819 sdfliuionibus
821 1762 862 1815 ac
884 1738 993 1815 animi
1005 1733 1260 1811 adfeffiomus
1273 1736 1510 1817 describendis
1521 1745 1575 1819 ita
1588 1746 1715 1841 fuisit,

548 1840 656 1919 dedu
675 1840 843 1937 Spiritus,
875 1835 1075 1925 versatum,
1108 1849 1151 1908 ut
1170 1854 1229 1907 eas
1249 1832 1382 1909 Meum
1400 1834 1519 1929 fimtrl,
1545 1856 1712 1939 tanqum

545 1940 589 2015 in
607 1938 757 2028 tabella,
780 1935 1001 2030 depinxerit,
1025 1932 1206 2007 nonnullis
1226 1928 1394 2025 inmistis,
1418 1956 1496 2028 quae
1514 1936 1646 2015 Meffiae
1659 1943 1710 2015 di.

548 2033 676 2115 rectius
696 2034 940 2122 conveniunt3
972 2047 1139 2125 tanquam
1161 2028 1315 2105 totidem
1326 2029 1610 2112 chamdierifficis
1621 2037 1708 2113 indi.

547 2135 613 2211 tiis
634 2130 752 2209 sensus
774 2128 1004 2205 sublimioris:
1029 2125 1328 2222 quemadmodum
1348 2128 1388 2207 in
1402 2132 1518 2209 verbo
1530 2135 1707 2231 propheti·

510 2248 512 2257 ’
546 2250 614 2323 co,
640 2229 772 2325 duplici
794 2224 915 2315 seusu,
940 2223 1101 2302 Litterali
1121 2225 1156 2299 u
1175 2224 1371 2321 spirituali,
1402 2231 1609 2323 conjmuo,
1633 2230 1709 2309 fieri

547 2329 637 2421 saepe
658 2326 803 2399 adsolet.
853 2322 943 2423 Quae
956 2321 1179 2419 hypothesis,
1204 2320 1291 2400 seru
1303 2344 1350 2399 ex
1362 2324 1494 2401 duabus
1505 2330 1707 2422 precedens

548 2424 642 2502 tibus
668 2420 794 2517 sponte
815 2418 913 2521 fluit,
938 2420 973 2495 dc
995 2443 1053 2499 eas
1071 2419 1191 2497 secum
1211 2422 1394 2511 conciiiatt
1417 2421 1566 2498 ita-nihil
1577 2426 1704 2539 nasset,

547 2516 1714 2735 iiidiffssssfflsuiiiffsfflffidsfid

546 2712 980 2813 tanquaml’atrisufflu,
993 2728 1073 2809 typr
1086 2713 1121 2789 dc
1134 2728 1300 2811 auntypr,
1333 2716 1506 2810 Accedit,
1519 2719 1716 2797 medrtutio·

545 2838 634 2896 nem
669 2812 862 2914 pasionum
895 2808 1029 2887 Meffie
1057 2810 1163 2891 statui
1192 2812 1269 2909 ejus
1296 2814 1461 2909 presenti
1489 2815 1560 2891 effe
1594 2814 1719 2913 aptius

545 3108 652 3192 lutis,
674 3104 775 3179 simul
793 3101 928 3179 fidei&
947 3106 1021 3201 spei
1041 3103 1202 3199 piorum,
1226 3092 1329 3190 ipsun
1350 3094 1388 3171 in
1407 3096 1530 3192 primis
1543 3098 1723 3200 Davidis,

546 3198 738 3295 objesurm.
793 3198 912 3304 Quam
929 3207 978 3279 ob
997 3200 1173 3276 rationem
1192 3214 1251 3269 ees
1268 3191 1415 3310 luseruit
1435 3194 1487 3272 Ps
1509 3218 1567 3275 ru..
1582 3202 1666 3298 post
1681 3207 1723 3282 ii·

546 3298 740 3379 iterationis
760 3297 831 3376 sue
851 3320 991 3378 emrnu
1003 3294 1098 3371 Sauli
1117 3294 1154 3369 dr
1167 3293 1392 3370 exaitatroms
1405 3303 1720 3381 commemoratio·

545 3422 653 3493 nem,
676 3397 809 3476 &ante
824 3395 1029 3475 addifflonis
1045 3393 1113 3471 suae
1128 3390 1192 3471 sub
1207 3390 1406 3473 Absolomo
1419 3391 1718 3493 descriptionem,

547 3512 590 3575 ut
615 3499 758 3577 adeum
778 3496 828 3575 Ps,
843 3493 950 3572 fufius
974 3490 1434 3590 demonstravissexposui.
1460 3490 1581 3593 Quem
1599 3495 1718 3590 ipsum

545 3594 776 3692 eonspeuum
803 3618 928 3696 gerere
954 3590 1085 3714 solent·
1101 3593 1281 3694 pericope
1302 3593 1348 3674 de
1368 3588 1491 3671 Mesia
1510 3608 1654 3694 agentes
1675 3595 1717 3679 iu
1851 3668 1856 3677 .

545 3698 660 3772 verbo
682 3696 751 3773 Pro
776 3696 909 3771 herico.

594 3796 627 3878 S.
651 3792 710 3869 XI.
749 3720 780 3869 {³
831 3808 931 3867 uorsa
958 3795 1078 3889 itaque
1102 3786 1333 3887 hypothefis,
1365 3808 1413 3866 ex
1432 3792 1716 3885 precedentibus

545 3882 671 3980 sponte
694 3888 753 3966 sua
774 3888 845 3965 see
868 3888 1048 3978 offerens,
1085 3884 1212 3979 habet,
1242 3882 1415 3996 Psalrnum
1436 3886 1492 4001 ita·-
1507 3890 1578 3965 esse
1603 3912 1712 3987 expo·

370 4028 372 4033 ·
544 3983 731 4073 nendum,
770 4004 810 4063 ut
828 3986 932 4063 sensu
952 3986 1102 4062 exiliore
1121 3984 1158 4058 dc
1179 3984 1376 4060 umbratico
1398 3982 1551 4074 Davrdi,
1588 4008 1718 4066 coram

540 4082 738 4165 Absolomo
765 4083 950 4177 fugienti,
987 4106 1062 4189 quo
1086 4096 1251 4185 tempore
1270 4097 1355 4166 eum
1375 4076 1615 4167 denominavi
1640 4084 1719 4161 esso
