3900 5117
512 588 589 675 280
693 568 1507 694 uomuru'urARrsz
1628 498 1636 527 ι

520 806 632 863 mem
650 780 684 856 e
694 778 800 877 serua
812 772 872 855 nie.
925 779 1024 856 Prius
1037 783 1155 877 itaque
1170 783 1290 859 versus
1306 787 1508 861 membrum
1520 776 1681 881 compre·
1771 850 1776 855 .

519 882 645 960 bendit
671 878 945 955 fundamentum
972 881 1044 975 lpei
1071 880 1107 953 δι
1135 880 1428 977 exspeuntionis,
1465 904 1681 979 precumque

515 977 772 1067 exauditionis,
797 979 834 1051 in
849 976 939 1067 Dei,
959 980 1101 1073 pomoni
1115 977 1186 1066 sui,
1208 979 1359 1077 justitia,
1373 982 1527 1074 indeque
1544 986 1628 1057 ortis
1642 982 1683 1055 li·-

516 1076 761 1151 berationibus
783 1075 849 1148 luis
863 1077 1069 1170 praeteriris,
1095 1075 1280 1151 defuturis
1295 1098 1435 1169 quoque
1451 1080 1685 1171 testantibus,

515 1172 639 1264 fiotum,
663 1174 717 1247 his
740 1173 877 1247 verbis:
904 1188 964 1269 pro
984 1172 1120 1271 justitia
1138 1190 1197 1246 wa
1216 1175 1363 1246 extrahes
1385 1195 1452 1262 me,
1482 1174 1532 1255 ὃ
1546 1180 1683 1251 evadere
1748 1240 1752 1246 .

355 1352 358 1360 ¹
515 1292 565 1346 me
580 1268 716 1363 factes,
741 1270 777 1344 h.
797 1292 829 1344 e.
851 1292 918 1364 pro
932 1290 995 1360 ea,
1021 1292 1089 1365 qua
1101 1269 1236 1367 fulges,
1260 1271 1421 1360 virtute,
1445 1290 1631 1364 perquam
1644 1274 1685 1352 in

515 1366 616 1443 ditus
636 1368 671 1439 u
691 1365 861 1462 promiffis
872 1365 1037 1442 constans
1050 1390 1114 1458 es,
1139 1388 1252 1462 eaque
1269 1368 1394 1460 imples
1408 1365 1566 1461 semper,
1592 1371 1688 1463 inju-

517 1458 586 1539 rias
601 1462 844 1557 &injustitias
858 1464 1033 1556 vindicas,
1056 1488 1097 1540 ac
1109 1465 1323 1540 innocentes
1337 1464 1517 1559 oppreffos
1533 1467 1687 1560 liberas,

517 1583 596 1657 quae
609 1560 904 1657 estjustittaDei,
927 1565 990 1639 tibi
1005 1564 1113 1637 etiam
1124 1564 1370 1638 convenitne
1384 1562 1531 1637 liberare
1544 1566 1588 1639 ab
1603 1586 1684 1648 om·
1724 1578 1727 1593 '
1770 1596 1776 1607 ¹

516 1660 557 1739 ni
577 1656 820 1753 opprellione,
846 1661 940 1753 quod
963 1660 1053 1734 licut
1072 1658 1187 1733 fecisti
1206 1660 1409 1755 hucusque,
1435 1661 1485 1737 ita
1496 1679 1570 1737 non
1585 1662 1687 1737 dubi·

506 1768 578 1845 to,
600 1759 684 1850 quin
704 1754 856 1831 faunus
869 1758 910 1831 fis
925 1759 964 1832 in
977 1755 1167 1852 posterum.
1218 1756 1341 1832 Verba
1352 1780 1429 1833 non
1444 1756 1524 1834 sunt
1539 1764 1688 1849 nantis,

517 1853 646 1947 quibus
668 1876 688 1927 a
707 1853 790 1929 Deo
806 1856 961 1949 petitur,
977 1870 1019 1930 ut
1033 1855 1070 1928 id
1081 1854 1209 1944 faeiat,
1235 1878 1318 1931 cnm
1334 1857 1495 1950 precatio
1509 1876 1595 1931 mox
1607 1855 1687 1930 sub·
1753 1931 1756 1938 ,

514 1951 704 2049 jungatur,
742 1950 834 2026 &in
855 1952 924 2037 fut.
938 1968 1149 2044 occurrant,
1174 1951 1232 2026 sed
1240 1950 1496 2045 fundamentum
1511 1951 1685 2048 precatio

516 2048 574 2127 nis
595 2051 803 2140 continent,
829 2048 1092 2145 doemonum,
1115 2050 1201 2221 guid
1215 2050 1334 2140 Deus,
1360 2074 1428 2145 qua
1436 2049 1565 2147 justae,
1590 2049 1687 2124 face·

520 2166 562 2221 rc
577 2147 729 2237 debeat,
744 2146 874 2237 soleat,
898 2147 1103 2225 &fattums
1140 2164 1292 2243 trquem
1305 2147 1406 2224 usum
1419 2149 1535 2224 forma
1547 2147 1614 2224 fiat.
1628 2146 1686 2222 ste·
1728 2236 1731 2241 ¹

504 2264 567 2341 ,pe
581 2244 706 2320 babet:
721 2243 880 2338 adeoque
895 2246 938 2319 ad
951 2246 1172 2340 praeteritum
1185 2244 1257 2320 sese
1272 2247 1379 2321 etiam
1394 2248 1567 2321 extendit.
1580 2241 1687 2337 Justi·

453 2383 455 2386 -
519 2348 573 2413 tia
591 2362 683 2413 vero
704 2340 775 2411 Dei
794 2340 852 2413 hic
873 2364 915 2414 ea
936 2342 987 2415 est
1008 2345 1148 2433 virtus,
1187 2364 1255 2436 qua
1277 2341 1372 2414 dictis
1395 2338 1502 2414 fidem
1524 2339 1684 2433 praestat,

503 2453 600 2529 ¹qnae
620 2435 702 2509 alias
726 2443 890 2509 emacitas
904 2438 1053 2530 dicitur,
1078 2436 1310 2534 &injustitias
1330 2438 1531 2529 ulciscitur,
1555 2458 1596 2509 ac
1609 2435 1685 2529 pie·

522 2532 589 2609 tati
602 2546 868 2607 remuneratur:
891 2538 936 2609 ad
953 2559 1058 2631 quam
1072 2538 1194 2613 David
1206 2537 1265 2613 hic
1280 2549 1473 2633 provocat,
1499 2557 1574 2609 non
1591 2529 1692 2625 quod

521 2652 645 2721 coram
672 2628 756 2705 Deo
777 2632 948 2709 innocens
965 2634 1030 2725 srt,
1052 2635 1123 2710 -sed
1143 2637 1261 2729 quod,
1288 2634 1379 2710 sicut
1398 2630 1570 2729 promiffis
1588 2628 1692 2705 Deus

511 2716 596 2813 ,sese
608 2726 646 2802 ei
660 2725 907 2823 obstrinxerit,
920 2732 971 2809 ita
984 2754 1107 2809 coram
1120 2734 1347 2825 hominibus,
1362 2754 1444 2807 eum
1454 2725 1694 2827 persequenti·

521 2828 611 2920 bus,
636 2826 676 2903 sit
696 2827 869 2906 innocens
883 2830 920 2905 e
931 2830 1065 2926 justus,
1080 2833 1242 2927 adeoque
1256 2834 1399 2927 dignus,
1426 2830 1488 2917 qui
1503 2828 1696 2915 eripiatur,

445 2936 450 2945 '
523 2928 824 3024 quemadmodum
856 2927 956 3005 Deus
982 2932 1163 3019 hucusque
1186 2926 1260 2994 sese
1289 2944 1374 3011 erga
1400 2938 1485 2989 eum
1511 2916 1695 3010 gefferat,

394 3064 395 3067 κ
485 3088 488 3095 .
525 3027 636 3117 etiam
655 3025 837 3098 noviffime
858 3045 903 3090 ex
924 3040 1020 3092 tanta
1040 3018 1257 3097 calamitate,
1281 3013 1321 3083 in
1340 3030 1445 3101 quarn
1459 3030 1526 3102 per
1538 3009 1693 3090 Absolo-

523 3140 625 3192 mum
646 3116 839 3203 inciderat,
863 3112 1058 3186 liberando.
1175 3130 1200 3181 o
1221 3107 1457 3181 faurdamento
1478 3129 1576 3182 nunc
1590 3126 1695 3203 orat,

524 3228 568 3287 ut
588 3212 688 3283 Deus
700 3207 812 3307 ipsum
825 3210 1075 3285 inclamantem
1086 3230 1133 3283 au
1158 3204 1227 3296 at,
1251 3203 1426 3303 &serum
1440 3204 1477 3277 h.
1493 3226 1527 3280 e.
1542 3206 1694 3283 ulterius

421 3336 427 3343 ·
463 3320 465 3325 ’
526 3308 630 3488 ἢ
628 3322 865 3405 perpensum,
889 3324 932 3383 ut
945 3305 1037 3383 vers.
1055 3328 1087 3384 1.
1103 3303 1266 3381 vidimus.
1316 3302 1614 3397 Inquonibilest
1624 3304 1693 3381 dif-

556 3432 575 3486 c
633 3464 643 3483 .
1135 3481 1139 3490 ,

544 3550 547 3557 ⁴
577 3513 610 3601 5.
625 3504 668 3581 tl
717 3538 752 3604 y.
779 3502 911 3581 Tertius
935 3507 1121 3600 articulus,
1155 3526 1229 3599 quo
1242 3520 1368 3600 preces
1380 3503 1482 3578 latius
1496 3498 1690 3576 extendun-

503 3605 507 3615 ’
530 3622 610 3700 tur,
632 3606 669 3681 dc
686 3625 809 3681 earum
832 3604 1106 3683 fundamentum
1128 3605 1256 3678 clarius
1270 3604 1478 3698 exponitur,
1505 3598 1556 3671 bis
1572 3597 1701 3675 verbin-

504 3790 506 3793 ,
528 3707 765 3801 proponitur,
803 3703 894 3779 vers.
914 3727 948 3799 3.
970 3702 1052 3797 Esto
1071 3706 1153 3777 mibi
1171 3716 1267 3799 rupes
1286 3702 1448 3775 commode
1460 3699 1693 3789 habitationis,

529 3803 572 3869 ad
594 3806 783 3879 intrandum
811 3804 948 3897 aguet,
976 3797 1157 3897 precepisti
1179 3802 1222 3873 ad
1240 3822 1290 3871 me
1300 3796 1533 3895 seruandumr.
1548 3794 1694 3885 reliquae

530 3894 628 3967 enim
644 3918 752 3971 voces
766 3826 816 3971 ad
824 3898 915 3972 vers.
929 3896 1000 3991 seq.
1014 3898 1218 3992 pertinent,
1242 3911 1284 3970 ut
1298 3920 1384 3971 mox
1397 3894 1589 3989 adparebit.
1608 3892 1707 3971 sen·-

532 3990 588 4065 firs
609 3988 679 4078 est,
719 4008 806 4077 oro,
834 4010 875 4067 ut
897 4008 935 4067 te
956 3994 1044 4068 mihi
1062 3992 1203 4089 praestes
1226 3990 1454 4067 firmisfimam
1473 3993 1507 4066 δι
1529 3990 1696 4069 omnibus

402 4096 405 4101 ·
530 4086 636 4161 rebus
653 4085 891 4198 abundantem
904 4089 1183 4183 habitationem,
1206 4108 1312 4184 quam
1324 4088 1375 4164 ita
1387 4089 1541 4187 intrem,
1561 4105 1605 4168 ut
1617 4110 1698 4201 eam

1644 4206 1698 4265 m.
