3900 5117
1360 290 1395 340 4

472 614 539 668 ΑΒ
608 584 792 665 PSA
841 582 875 661 L
921 583 980 660 Μ.
1048 582 1258 687 LXIX.19.
1386 617 1458 694 ²41

269 800 356 889 'que
384 792 494 885 longe
516 786 621 861 aliter
648 783 795 859 tradere
820 806 861 858 se
888 782 1047 879 persone
1062 779 1161 878 serui
1182 781 1255 897 Dei
1274 794 1453 903 congruit,

289 889 417 967 Sensus
440 888 559 979 itaque
579 880 651 955 est:
682 902 764 955 cum
781 880 900 955 servus
921 896 1003 955 tuus
1024 882 1452 964 honoratiordtinnmiof
1549 930 1562 944 ,.

289 988 377 1074 lim,
402 985 502 1075 cujus
525 979 576 1053 est
595 978 766 1074 lingulare
786 978 1011 1075 privilegium
1021 978 1216 1072 petitiones
1230 1003 1312 1057 curn
1326 980 1457 1069 fidutia

247 1092 250 1103 '
294 1104 416 1158 coram
439 1096 677 1175 expromere,
717 1074 752 1147 dc
772 1075 945 1163 exaudiri,
976 1096 1017 1147 ac
1033 1074 1165 1147 ‘favore
1193 1092 1259 1151 tuo
1279 1082 1456 1177 gaudere,

295 1200 343 1255 ne
365 1198 458 1251 nune
476 1179 545 1249 hoc
569 1172 655 1245 velo
675 1192 734 1243 me
756 1169 942 1260 excludas,
980 1187 1022 1252 ut
1044 1184 1081 1245 te
1104 1192 1185 1245 cum
1206 1171 1334 1249 fiducia
1355 1178 1452 1253 adire

293 1296 485 1367 nequeam,
512 1270 571 1343 seu
594 1268 721 1341 favore
736 1283 802 1340 tuo
818 1266 891 1340 frui
906 1288 1043 1360 opeque
1054 1268 1095 1341 in
1106 1268 1242 1343 nn'seria
1254 1295 1346 1347 mea.
1397 1270 1456 1353 nx

291 1394 362 1465 quo
384 1367 567 1445 manifesta
587 1364 639 1441 est
661 1366 751 1439 ratio
770 1384 942 1452 movens,
999 1385 1043 1435 na
1060 1386 1184 1458 preces
1207 1371 1358 1541 urget?
1422 1377 1430 1391 '

292 1470 414 1541 urllum
428 1470 509 1557 mihi
519 1515 532 1555 ,
563 1460 694 1556 festina
713 1458 862 1557 responde
877 1462 958 1533 miti
969 1386 1035 1569 ᾗ.
1057 1480 1088 1535 e.
1104 1461 1178 1536 cito
1194 1465 1309 1539 adnue
1347 1395 1454 1543 efflen-

291 1566 398 1639 rio&
419 1562 587 1659 petitioni
608 1580 718 1649 meae,
743 1560 824 1649 quia
844 1555 888 1632 ad
906 1556 1033 1631 inertas
1056 1557 1212 1632 redattn
1234 1564 1351 1656 perire
1372 1567 1460 1647 alias„

291 1664 405 1737 debeo
434 1676 668 1755 quantocyus
727 1654 823 1729 Petit
847 1655 965 1747 itaque
993 1675 1070 1729 non
1090 1668 1228 1731 tanturn
1250 1682 1358 1753 opem
1382 1660 1455 1735 Dei

291 1760 336 1833 ad
357 1759 631 1843 liberationem,
657 1767 699 1827 ut
720 1752 851 1843 modo,
881 1748 941 1824 sed
962 1754 1063 1823 eitam
1086 1773 1212 1844 opem,
1232 1754 1270 1826 dc
1291 1772 1395 1852 urget
1408 1760 1454 1833 ab

138 1849 140 1852 ’
217 1920 230 1935 ,
291 1854 444 1955 augustia
464 1854 547 1945 sua,
571 1875 638 1948 qua
657 1850 701 1925 ad
720 1851 844 1925 incitas
865 1861 940 1923 erat
961 1844 1152 1947 redactus.)
1175 1852 1393 1950 adpropinqua
1411 1855 1455 1927 ud

287 1962 436 2029 quintum
455 1976 577 2039 meam,
602 1954 704 2023 libera
723 1971 807 2022 eom
823 1944 881 2043 (b
896 1968 927 2021 e.
941 1943 1059 2019 subito
1072 1959 1109 2021 te
1120 1946 1247 2022 anisnae
1261 1972 1349 2041 rneae
1365 1974 1451 2042 prae.

289 2051 340 2129 sta
357 2054 450 2146 propi
495 2072 572 2121 uum
594 2047 629 2120 dt
649 2045 882 2143 gultur-ejus,
907 2065 985 2117 eam
998 2042 1208 2135 liberando,
1232 2044 1345 2120 &tibi
1359 2046 1452 2121 adse-

290 2147 420 2223 ruendo.
501 2146 696 2240 mphuticn,
718 2141 756 2216 u
778 2140 939 2239 elegans,
960 2137 1013 2212 est
1025 2138 1161 2232 oratio,
1187 2162 1233 2215 ex
1246 2142 1366 2217 verbis
1394 2170 1412 2218 ³

292 2247 328 2317 bt
352 2248 408 2319 bur
427 2242 522 2317 redte
540 2240 724 2317 intelleblis
746 2238 818 2313 sese
839 2253 979 2313 tantum
990 2236 1158 2332 pandens.
1207 2238 1352 2335 Duplex
1365 2241 1453 2321 latet

290 2343 329 2418 in
345 2344 456 2417 verbo
478 2369 535 2454 :sp
557 2341 725 2432 vis,uua,
747 2360 815 2434 qua
828 2332 1004 2411 festina&
1015 2340 1166 2433 proxima
1178 2336 1353 2415 indicatur
1368 2340 1453 2415 libe-
1567 2429 1572 2441 ⁶

288 2442 402 2531 ratio,
427 2444 551 2530 ultera,
577 2460 646 2533 qua
666 2436 888 2607 cognationis
907 2434 1113 2531 proximitas
1134 2435 1342 2529 exhibetur,
1375 2452 1451 2515 un·

294 2556 400 2628 quam
418 2538 506 2609 ratio
522 2556 703 2609 movensa
741 2536 1007 2625 liberationem
1032 2548 1073 2609 nt
1086 2532 1201 2611 sensus
1214 2534 1272 2609 srt:
1295 2536 1453 2613 admove

297 2644 336 2705 te
355 2652 438 2706 mox
456 2633 575 2704 anime
595 2654 684 2709 mee
707 2632 750 2706 ad
769 2631 988 2708 liberandam
1008 2652 1109 2725 eam,
1134 2632 1170 2708 dc
1191 2647 1228 2708 te
1249 2634 1451 2710 curatione

296 2724 513 2801 demonstres
528 2734 739 2899 prpinquum
755 2730 850 2821 ejus,
876 2730 936 2805 seu
953 2731 1115 2828 goelem,
1141 2732 1200 2824 qui
1213 2735 1253 2806 vi
1261 2734 1452 2829 propinqui-

295 2830 379 2899 tatis
401 2822 548 2899 fratrem
583 2846 669 2899 uum
687 2826 865 2899 vindicare
885 2828 1012 2916 debet,
1036 2849 1142 2920 qnare
1164 2849 1250 2901 mox
1271 2827 1451 2921 sequitur,
1595 2842 1598 2845 ’

289 2925 365 2999 nbur
380 2925 482 2995 litera
503 2946 571 2997 eum
598 2936 638 2997 ut
655 2926 762 3019 goel,
771 2921 863 3017 Juste
883 2923 918 2998 dc
939 2937 1127 3022 potenter,
1158 2934 1200 2994 ut
1217 2942 1303 2993 mox
1325 2922 1449 3001 dicam.

288 3019 379 3119 Quae
401 3018 529 3115 duplex
557 3020 660 3095 verbi
680 3048 741 3137 :sp
759 3021 832 3111 vis,
858 3021 945 3098 srcut
965 3024 1004 3097 in
1017 3042 1093 3097 rem
1106 3014 1313 3115 presentem
1326 3013 1451 3113 aptiffi-

288 3115 435 3207 maest,
459 3119 508 3192 ita
528 3140 571 3193 ex
595 3116 670 3211 ipso
693 3142 769 3213 equs
782 3119 848 3195 usu
862 3118 933 3195 lese
950 3120 1057 3197 facile
1072 3116 1199 3209 effert,
1223 3114 1448 3193 cum&inti³

289 3216 439 3311 miorem
461 3214 749 3308 conruneronem
770 3218 939 3308 denotat,
963 3218 998 3290 dr
1018 3240 1095 3293 rem
1114 3238 1199 3293 mox
1219 3216 1375 3292 sumtum
1387 3215 1447 3292 ds·

283 3311 408 3409 lignat.
458 3312 527 3385 Pro
542 3310 701 3402 instanti,
716 3313 750 3385 dt
764 3315 867 3388 brevi
881 3314 1014 3412 spatio,
1035 3315 1107 3409 J'am
1118 3316 1191 3407 jam
1203 3312 1328 3392 futuro
1341 3314 1450 3403 sumi,

288 3408 492 3497 obsecuavit
514 3408 594 3480 alibi
615 3406 672 3481 ‘Cl.
692 3408 878 3487 Schultens
892 3432 934 3488 a:
971 3413 1076 3489 Sic&
1087 3418 1262 3511 propinqui
1274 3414 1319 3487 ad
1331 3413 1449 3485 bellum

288 3507 457 3594 audiunt,
490 3506 551 3597 qui
577 3526 660 3576 mox
683 3504 873 3602 adgressuri
896 3507 978 3585 sunt
1000 3512 1111 3585 Dent.
1133 3534 1190 3585 xx:
1212 3534 1247 3603 4.
1303 3508 1361 3583 De
1376 3530 1448 3603 rog·
1597 3565 1602 3573 .

290 3610 421 3677 statione
438 3602 472 3675 dt
486 3600 752 3697 propinquitate
765 3603 936 3701 sanguinis
949 3607 1121 3695 sumi,res
1133 3606 1187 3682 est
1202 3631 1245 3683 ex
1259 3608 1346 3679 Lex.
1361 3626 1446 3693 quo·

290 3720 360 3793 que
373 3714 469 3775 nota.
493 3696 581 3773 Eam
592 3718 682 3791 vero
697 3696 753 3771 hic
767 3702 911 3778 omnino
926 3704 995 3777 effe
1009 3706 1284 3786 adtendendam,
1298 3698 1446 3789 sequens

288 3798 438 3872 verbum
458 3804 510 3873 bur
523 3796 677 3885 evincit,
702 3818 784 3872 cum
805 3798 890 3874 illud
904 3804 1182 3896 comprehendat
1195 3794 1446 3877 liberationem

286 3898 459 3989 propinqui
479 3896 512 3969 dt
527 3894 774 3991 consanguinei:
799 3898 893 3991 quod
908 3901 946 3973 in
961 3900 1088 3998 vulgus
1101 3910 1227 3969 notum
1242 3890 1304 3967 est.
1354 3892 1447 3972 Cum
1541 3951 1547 3960 ,

283 4010 380 4081 ,uero
406 3991 536 4086 duplex
559 3992 599 4066 s1t
620 3992 733 4084 Goel,
758 3994 820 4069 vel
830 3994 1011 4167 sffiuinis
1029 3988 1218 4089 propinqui
1232 3986 1300 4067 fufi
1314 3990 1448 4064 vindex

287 4176 291 4185 ’
338 4205 360 4249 u
384 4186 421 4250 ad
442 4187 489 4256 Pl.
513 4206 627 4257 tumr:
647 4208 685 4256 11.
707 4188 737 4256 dc
759 4190 833 4276 Job.
858 4208 940 4257 xvm
965 4210 1011 4260 12.

1384 4106 1449 4181 ner
1516 4123 1521 4131 ·
1645 4144 1671 4181 -.
