3900 5117
469 592 521 675 n
648 554 1457 643 COMMENTARIUS

475 779 538 842 aut
558 762 686 859 lapsui,
715 764 824 857 pedem
840 756 1003 851 nostrum,
1029 758 1188 856 (tantum
1200 752 1316 844 abest,
1340 767 1382 829 ut
1394 776 1460 829 nos
1473 757 1587 850 perire
1600 756 1638 831 u

473 864 589 952 uerit,
615 880 656 936 ut
668 856 861 933 firmaverit
876 879 952 931 nos.
991 854 1091 957 ¹(Qua
1106 854 1191 929 nihil
1205 853 1337 925 habent
1352 850 1532 950 difficilis.)
1563 925 1567 932 ,
1606 896 1610 903 -

475 1014 478 1026 .
521 964 557 1050 ·§.
573 957 668 1031 XIV.
717 981 746 1029 a.
772 953 896 1028 Flestit
917 954 1000 1028 dein
1021 962 1219 1028 lermonem
1239 949 1282 1031 ad
1302 947 1496 1042 seipsum,
1528 952 1563 1024 ἀ
1583 948 1640 1033 fir,

473 1078 575 1134 mum
603 1054 702 1129 suum
729 1074 795 1146 pro
820 1051 974 1140 olitum,
996 1073 1105 1125 ,nunc
1132 1044 1418 1138 exsequendum,
1457 1046 1642 1141 declarat,

473 1152 599 1227 Deum
614 1174 679 1246 pro
695 1076 870 1225 beneseto
888 1148 1130 1233 liberationis,
1163 1144 1223 1217 libi
1248 1141 1282 1214 δι
1300 1142 1434 1233 ροριιΙο
1455 1145 1642 1234 concesso,

309 1264 333 1277 “·
470 1251 617 1345 lpublice
633 1247 833 1334 celebrandi
849 1268 912 1340 per
926 1243 1089 1318 sacrificia
1103 1242 1275 1337 legitima,
1299 1234 1391 1309 vers.
1409 1257 1566 1327 10-15;
1597 1240 1641 1314 lu

472 1367 546 1440 qua
573 1346 740 1440 pericopa
788 1376 822 1418 a.
847 1340 1059 1418 beneficium
1086 1333 1315 1420 recensetur,
1361 1331 1449 1440 ueri.
1481 1356 1643 1420 10-12,

472 1448 517 1533 td.
543 1445 657 1517 cultus
681 1443 764 1515 Deo
782 1456 971 1536 propterea
991 1431 1222 1541 deferendus,
1248 1425 1337 1503 vers.
1356 1449 1523 1541 '13-15.
1548 1466 1583 1509 a.
1598 1434 1642 1511 ln

459 1536 647 1613 „benificio
661 1538 868 1633 explicando
901 1532 1072 1613 astatum
1085 1524 1260 1601 additium
1273 1527 1409 1619 prolixe
1424 1528 1459 1602 dc
1473 1531 1643 1624 emphati.

451 1657 521 1711 ee
544 1637 712 1729 proponit
735 1633 834 1710 vers..
849 1649 1007 1705 10-12.
1055 1630 1085 1700 l.
1108 1620 1217 1718 ipsam
1236 1623 1484 1707 liberationem
1505 1650 1641 1704 memo·

470 1748 552 1819 -rat,
585 1732 674 1807 vers.
706 1752 760 1804 12.
790 1731 827 1801 in
848 1724 909 1801 lin.
956 1747 989 1797 a.
1013 1723 1054 1797 ln
1082 1719 1174 1807 statu
1199 1718 1336 1797 adfliuo
1363 1723 1644 1818 repraesentando

474 1830 550 1905 hoc
571 1829 695 1903 ordine
716 1823 891 1911 versatur,
943 1837 985 1895 ut
1006 1864 1010 1870 ·
1034 1841 1067 1893 1.
1093 1840 1218 1910 verum
1240 1820 1315 1912 ejus
1336 1820 1643 1915 conspectum-tra·

474 1926 567 2015 dat,
606 1924 695 1999 vers.
731 1944 791 1999 ιο.Ι
844 1940 878 1992 2.
909 1915 1015 2011 ipsam
1028 1914 1277 1999 ,tammonem
1304 1917 1423 1992 vivide
1450 1920 1644 2017 depingat,

474 2021 570 2098 vers.
595 2043 651 2111 11,
677 2040 732 2095 ιι.
785 2040 818 2111 3.
842 2016 961 2091 omnia
983 2012 1179 2091 summatim
1195 2014 1397 2113 recolligat,
1422 2015 1511 2092 vers.
1528 2038 1585 2090 12.
1610 2016 1649 2093 in

473 2117 640 2195 secundo
663 2118 736 2209 eJus
758 2115 931 2195 membro.
984 2134 1016 2186 1.
1041 2110 1178 2188 Verum
1199 2110 1424 2207 conspectum
1445 2112 1479 2186 dc
1500 2112 1648 2209 scopum

476 2215 684 2310 praemittit,
716 2225 757 2285 ut
780 2210 836 2293 de,
848 2210 947 2307 gravi
968 2207 1165 2285 adflictione
1179 2209 1302 2306 populi
1315 2207 1582 2290 sanumferatur
1593 2211 1648 2304 ju·

476 2310 633 2397 dicium,
660 2307 719 2383 ,his
741 2308 876 2381 verbis:
909 2305 1000 2384 vers.
1024 2328 1092 2381 10.·
1132 2304 1222 2409 Qpia
1239 2304 1383 2403 probasti
1395 2331 1471 2398 nus,
1498 2308 1648 2383 uDeusl
1792 2338 1802 2349 ·

470 2402 631 2498 ..conflasti
652 2426 708 2479 nos
723 2400 810 2497 ficut
826 2400 964 2498 conflare
978 2420 1172 2500 argentum,
1197 2403 1257 2485 seu
1270 2402 1357 2486 ficut
1370 2404 1525 2486 conflare
1539 2403 1648 2494 solet,

469 2518 543 2585 ¹aaut
564 2498 695 2576 conflat
719 2500 892 2581 conflator
913 2500 984 2581 sive
1001 2501 1136 2587 aurifex
1150 2533 1173 2592 ,·
1194 2499 1435 2580 subintelletto
1463 2500 1552 2593 nna,
1590 2514 1651 2578 aut

475 2601 559 2777 pluis
572 2598 695 2679 aliuss·
718 2598 771 2681 lta
787 2600 883 2673 enim
899 2595 1026 2673 infinit.
1043 2602 1099 2675 ‘lit
1111 2592 1206 2680 reue
1224 2596 1433 2690 resolvitur3
1447 2610 1488 2672 ut
1500 2601 1543 2674 ab
1556 2600 1651 2688 aliis,

537 2694 744 2787 Gatakero,
760 2772 761 2777 r
779 2696 851 2787 jnm
871 2694 922 2769 est
951 2695 1188 2777 observatum,
1244 2694 1361 2779 Posset
1389 2698 1496 2772 ctiam
1523 2693 1653 2773 infinit.
1722 2748 1726 2753 -
1866 2758 1872 2763 .

477 2813 550 2887 pro
570 2798 696 2875 nomine
718 2796 844 2867 verbali
858 2790 964 2881 sumi,
990 2808 1031 2869 ut
1045 2791 1162 2888 paffim
1181 2792 1412 2887 apudArab,
1424 2793 1460 2867 u
1472 2795 1585 2885 verti,
1600 2792 1655 2890 se-

479 2891 624 2969 eundum
637 2886 870 2981 conflationem.
920 2890 1044 2963 Sermo
1058 2891 1211 2965 vertitur
1224 2888 1267 2961 ad
1280 2886 1421 2975 Deum,
1445 2892 1504 2959 cui
1518 2890 1589 2964 sese
1602 2890 1653 2957 di-

480 2983 577 3056 reste
600 2984 644 3063 ad
664 2985 752 3077 grati
772 2986 878 3059 animi
899 2982 1181 3060 testificationem
1201 2979 1396 3074 obstringit.
1429 2980 1652 3073 incipitau·

480 3092 558 3153 tem
578 3075 693 3151 sermo
716 3097 798 3149 cum
829 3103 858 3157 u
877 3080 974 3170 quia,
1016 3095 1093 3167 quae
1113 3073 1385 3168 particulatam
1405 3073 1495 3150 vers.
1520 3096 1537 3148 1
1567 3131 1583 3166 ,Ι
1602 3082 1654 3151 in·

480 3176 575 3255 rralo
595 3174 830 3255 demum-tuum
853 3194 925 3244 tum
946 3168 1142 3260 holocausto,
1173 3170 1239 3248 &n
1261 3170 1503 3263 connectenda
1517 3100 1587 3265 eii,
1611 3187 1654 3251 ut

482 3271 575 3348 ratio
599 3268 725 3363 detur,¹
745 3290 851 3364 quare
870 3267 990 3344 Deum
1012 3268 1156 3362 publicu
1178 3268 1291 3346 hocce
1311 3270 1412 3345 cultu
1434 3271 1653 3364 honorarctt

350 3439 355 3446 ,
529 3372 563 3441 ia
584 3366 682 3451 Deus
697 3366 868 3461 populum
882 3364 1072 3441 exsumma
1084 3362 1281 3441 adfliuione
1301 3366 1532 3451 liberaverat:
1555 3384 1598 3445 ut
1614 3371 1653 3448 iu

480 3392 547 3549 ἴα.
568 3463 657 3539 veri
685 3486 740 3546 12.
763 3464 937 3550 habena:
978 3486 1049 3558 quo
1069 3462 1156 3549 illud
1179 3490 1209 3537 o
1234 3468 1312 3559 quia
1333 3462 1463 3539 directe
1484 3468 1651 3561 pertinet.

484 3560 684 3638 Non·enim
696 3564 821 3661 gratias
837 3583 941 3659 agere
957 3562 1055 3649 vult,
1078 3559 1176 3654 quod
1188 3558 1287 3638 Deus
1310 3563 1480 3657 populum
1495 3584 1539 3636 an
1563 3562 1653 3639 ustie

483 3658 688 3747 adfecerat,
727 3656 788 3731 sed
812 3659 908 3751 quod
928 3656 1090 3753 angrariis
1112 3656 1265 3749 prelium
1286 3659 1454 3734 eduxerat
1474 3658 1528 3740 in,
1576 3676 1654 3735 tum

484 3750 637 3833 liberum
659 3755 693 3827 δι
715 3776 943 3849 prosperum:
980 3769 1020 3827 ut
1041 3752 1156 3832 sensus
1171 3752 1230 3827 fit:
1256 3760 1332 3850 quia
1346 3776 1485 3826 cumnos
1540 3759 1652 3831 uldoe-

479 3853 554 3938 ris3
579 3848 646 3921 dac.
672 3848 810 3937 eduxisti
823 3873 900 3939 nos,
925 3847 1224 3941 s1cutJes.x11:1.
1276 3848 1402 3921 Celebre
1417 3865 1468 3937 te,
1495 3770 1649 3949 prema,

442 3978 446 3995 =
525 3950 559 4017 ia
575 3947 683 4017 iratus
690 3942 794 4036 fuisti
806 3950 906 4034 mihi,
929 3969 963 4017 re
979 3946 1044 4017 edil
1058 3942 1154 4040 nasus
1168 3952 1263 4035 tuus,
1288 3942 1331 4025 δ’
1344 3943 1519 4040 consolatus
1533 3971 1567 4021 es
1580 3973 1649 4043 me,

348 4138 350 4143 Ι
494 4092 519 4121 ,.
541 4063 573 4118 e.
595 4044 692 4149 quir,
725 4060 796 4127 cum
815 4048 922 4125 iratus
964 4046 1070 4150 uem,
1100 4038 1238 4139 resedit,
1263 4040 1330 4119 &a
1345 4042 1407 4121 ubi
1419 4042 1502 4132 Vid.
1516 4044 1570 4135 Cl.
1586 4044 1648 4121 Vi.

483 4176 490 4225 ἱ
538 4180 541 4191 ·
1004 4188 1009 4199 ’
1065 4219 1073 4229 ·
1515 4156 1646 4248 “miae
