3900 5117
434 542 495 597 nn
568 516 595 590 P
644 513 667 589 S
717 512 751 589 A
799 512 835 589 L.
878 514 931 591 M.
1005 515 1194 596 LXXXIV:
1228 540 1285 597 10.
1364 529 1435 631 789

263 730 362 801 limen
394 719 503 791 domm
533 713 603 787 Dei
634 716 696 785 mei
720 708 885 800 observare
913 717 1089 812 elegerim,
1127 740 1223 811 quarn
1252 722 1347 792 mille·
1374 723 1450 793 ia..

262 827 367 895 bitom
406 822 442 887 in
480 814 629 885 tentoriis
669 810 895 899 improbitatis.
977 812 1033 886 Sic
1076 814 1312 888 construenda
1348 816 1428 893 sunt

262 918 397 999 verba,
445 909 470 982 s1
509 907 551 981 ad
589 904 725 979 sensum
763 902 953 993 respicias,
990 931 1067 995 qnae
1108 912 1153 984 ad
1192 915 1343 987 verbnm
1378 915 1427 987 ita

261 1014 399 1089 sonant.
458 1007 584 1076 Bonum
612 1004 661 1073 die
689 1003 725 1070 o'n
748 1002 847 1069 atriis
874 1003 942 1069 tais
966 1012 1033 1091 prio
1063 1012 1177 1079 mille:
1214 1014 1299 1104 elegi
1327 1015 1426 1085 limen

261 1108 431 1206 ohservare
460 1108 496 1175 in
524 1100 611 1173 domo
643 1098 711 1169 Dei
731 1100 794 1167 mei
820 1110 889 1190 pra
916 1097 1062 1167 habitare
1090 1104 1126 1168 in
1146 1112 1294 1178 tentoriis
1313 1111 1429 1201 impro-

261 1209 391 1285 bitatis.
440 1197 531 1299 Quae
552 1192 721 1269 struitura
740 1192 800 1266 vel
822 1192 1024 1361 elefantiae,
1055 1193 1115 1264 vel
1129 1194 1240 1289 ligatae
1254 1204 1427 1296 orationi,

218 1329 222 1337 ·
262 1301 315 1377 est
338 1294 582 1381 adscribenda,
614 1291 650 1364 te
670 1292 707 1366 in
728 1310 810 1364 eum
823 1311 866 1361 or
892 1290 1007 1376 inem,
1034 1310 1140 1382 quem
1154 1290 1244 1379 dixi,
1268 1301 1429 1399 redigen.

263 1401 327 1491 da3
352 1414 393 1471 ut
408 1391 521 1469 sensus
536 1389 618 1465 inde
632 1400 809 1484 emergat,
836 1387 941 1483 longe
955 1383 1060 1460 satius
1074 1385 1134 1460 fibi
1149 1387 1282 1477 videri,
1310 1394 1343 1465 be
1364 1422 1427 1492 op.
1542 1458 1547 1478 ,

263 1496 423 1583 tabilius,
460 1492 517 1565 vel
539 1508 652 1563 unum
671 1485 764 1559 diem
779 1485 817 1556 in
833 1484 942 1559 domo
957 1483 1028 1557 Dei
1044 1483 1089 1556 ad
1102 1484 1210 1559 limen
1226 1485 1299 1578 ejus
1314 1492 1427 1585 exige.

261 1617 331 1683 re,
365 1610 469 1683 quam
489 1586 585 1659 mille
605 1584 692 1656 alios
712 1582 750 1654 in
769 1581 932 1655 tentoriis
953 1580 1200 1674 improbitatis.
1273 1580 1427 1682 Quando
1507 1669 1510 1677 ,

262 1688 388 1767 cunita
402 1706 517 1780 prono
538 1682 653 1755 alveo*
665 1676 790 1752 fluunt.
841 1676 1037 1751 instituitur
1057 1677 1115 1750 hic
1136 1683 1354 1773 comparatio
1377 1683 1429 1756 in-

261 1802 318 1865 ter
348 1785 613 1877 inhabitationem
640 1778 748 1849 domas
778 1773 848 1847 Dei
878 1798 919 1849 ac
952 1780 1161 1849 tentoriorum
1184 1782 1431 1872 improbitatis,

262 1884 297 1961 ἅ
320 1882 473 1956 declarat
494 1876 560 1947 Vir
579 1872 751 1959 Sentius,
786 1870 847 1947 fibi
865 1873 970 1970 longe
993 1872 1255 1966 praeferendum
1285 1875 1427 1963 videri,

261 1981 325 2056 vel
345 1980 389 2051 ad
408 1979 517 2049 limen
538 1972 664 2044 domus
686 1968 756 2041 Dei
772 1968 973 2045 brevrssimo
989 1970 1074 2043 iicet
1091 1984 1253 2065 tempore
1270 1970 1427 2062 versari,

287 2098 367 2153 uam
392 2068 555 2146 tentoriis
577 2067 810 2161 improbitatis
834 2064 1159 2164 longiiiimoetiam
1182 2082 1345 2163 tempore
1368 2068 1425 2142 ad-

262 2098 401 2249 Xociari.
451 2166 540 2265 Quae
555 2165 661 2260 paulo
675 2164 1070 2257 adcuratiuskmerentur
1085 2163 1258 2239 illustrari.

116 2229 120 2237 ⁸
254 2286 257 2293 ’
310 2274 343 2361 §,
358 2264 470 2340 XLV.
503 2261 657 2337 Tentoria
679 2268 878 2357 impietatis,
911 2284 988 2355 quae
1008 2264 1115 2335 domui
1138 2262 1227 2351 Dei,
1259 2264 1447 2355 &cultui‘

263 2366 402 2453 sanila,
434 2362 485 2435 ibi
505 2383 625 2434 coram
647 2360 734 2431 Deo
743 2358 905 2433 exerceri
918 2356 1044 2447 solito,
1070 2360 1106 2433 in
1123 2360 1221 2435 omni
1237 2363 1430 2456 complexu

263 2463 348 2552 suo,
375 2460 433 2535 seu
451 2458 550 2533 omni
563 2456 770 2544 latitudine,
788 2454 925 2543 sumta,
942 2470 1192 2550 opponuntur,
1206 2479 1282 2532 non
1297 2461 1430 2553 quaevis

263 2561 298 2636 &
323 2559 575 2653 qualiacunque
597 2554 864 2650 intelliguntur,
897 2552 955 2627 sed
975 2558 1153 2649 opulenta,
1183 2562 1360 2650 potentia,
1392 2557 1427 2631 u

261 2654 401 2756 gloriosa
414 2676 455 2728 ac
469 2650 665 2747 splendida,
697 2674 773 2743 quae
789 2654 900 2725 carnis
913 2650 1078 2725 desideria
1093 2653 1270 2744 excitant,
1301 2654 1336 2727 δι
1352 2652 1427 2747 spe·

184 2840 187 2847 r
260 2755 317 2829 cie
339 2752 397 2829 sue
418 2749 663 2835 blandiuntur,
695 2747 932 2839 videnturque
955 2770 1037 2821 cum
1045 2746 1213 2835 felicitate
1227 2748 1427 2841 conjunita.

261 2850 372 2952 Quod
395 2870 441 2925 ex
460 2869 500 2922 re
520 2842 592 2940 ipsa
611 2846 739 2919 elucet.
801 2842 883 2916 Alia
909 2842 1057 2916 enimsi
1076 2836 1319 2935 improbitatis
1351 2861 1428 2919 ten-

262 2949 383 3036 toria,
415 2947 510 3020 hisce
540 2942 643 3018 bonis
664 2938 853 3028 destituta,
885 2939 1084 3050 intelligam
1115 2938 1267 3032 emphafi
1284 2940 1427 3034 prorsus

263 3045 419 3133 carebit,
435 3042 471 3115 δι
484 3042 572 3116 nihil
584 3039 754 3137 {iugulare
770 3036 933 3126 habebit,
949 3036 1020 3109 virt
1033 3036 1083 3129 pii
1095 3033 1233 3111 clettio.
1271 3034 1427 3111 Tentoria
1535 3106 1539 3111 .

219 3168 223 3181 ·
262 3144 381 3237 itaque
402 3141 618 3234 improbitatis
647 3136 728 3211 sunt
748 3136 829 3209 loca
847 3134 970 3224 bonis,
1004 3135 1157 3228 opibus,
1195 3133 1425 3232 &dignitati-

263 3242 355 3327 bus,
387 3236 549 3329 improbe
568 3234 696 3327 partis,
727 3232 879 3315 referta:
910 3246 952 3307 ut
967 3232 1077 3305 Mich.
1093 3252 1144 3306 vr:
1165 3252 1218 3305 ιο.
1245 3233 1425 3307 domarim-

259 3340 354 3435 probi
374 3332 409 3407 δι
431 3330 574 3421 thesauri
593 3336 773 3423 impietatis
795 3333 1070 3427 conjunguntur.
1133 3328 1258 3402 Docet
1282 3352 1426 3424 quoque

263 3430 504 3526 experientia,
541 3425 784 3521 posseffionem
810 3426 844 3499 &
867 3424 1074 3501 fruitionem
1096 3425 1225 3499 horum
1246 3429 1427 3501 bonorum

265 3530 356 3623 saepe
377 3550 458 3601 cum
480 3524 665 3616 multiplici
686 3523 913 3616 improbitate
936 3522 1016 3603 etse*
1032 3520 1279 3614 conjunctam,
1312 3524 1348 3595 &
1364 3524 1427 3597 im-

264 3628 462 3725 proborum
476 3620 717 3715 frequentias,
740 3642 843 3713 quarn
858 3622 1073 3712 proborum,
1086 3619 1177 3692 hanc
1190 3618 1260 3691 effe
1275 3616 1427 3709 sortem,

265 3740 308 3799 ut
321 3722 423 3797 bonis
437 3719 531 3791 hisee
546 3718 705 3811 inanibus
720 3714 884 3790 adfluent.
908 3716 992 3788 Vid.
1007 3714 1058 3789 ts.
1073 3736 1210 3804 aaron,
1225 3735 1339 3790 txmr.
1360 3717 1428 3791 bec.

267 3820 548 3916 attineretur,
574 3810 898 3908 divitiasinjajlitr'a
923 3812 1009 3885 Luc.
1031 3833 1106 3885 xvr.
1131 3810 1225 3887 &eo
1250 3810 1369 3903 sensu,
1395 3813 1431 3888 be

266 3918 356 4001 aiio,
381 3936 455 4009 quo
470 3910 615 4005 fallaces
636 3911 668 3983 be
690 3916 821 3993 ireeerta
844 3923 1037 3999 notantur,
1063 3931 1281 3999 occurrere3
1319 3933 1432 4005 aquo

267 4034 392 4107 parum
412 4010 484 4089 abit
508 4006 637 4106 piaasas
657 4006 799 4099 nostra,
839 4005 863 4079 ir
884 4013 1023 4105 originis
1036 4007 1137 4085 vocis
1158 4027 1225 4097 oei
1260 4008 1433 4087 habeatur

802 4102 999 4207 Gestae
1328 4102 1433 4183 ratio·
