3900 5117
470 556 536 611 ab
606 528 636 605 P
682 528 707 605 S
753 528 789 605 A
835 531 868 614 1.
914 528 986 619 M.
1043 532 1236 616 LXXXIV:
1263 562 1297 637 3.
1395 548 1467 639 769
1524 540 1526 544 ’

298 738 339 813 lo
353 732 453 809 cultu
464 726 601 818 rituali,
621 730 660 803 in
673 726 783 821 domo
796 726 868 801 Dei
882 728 1104 822 exercendo,
1133 738 1367 827 contentum,
1387 737 1464 833 ejus

299 834 466 911 favorem
488 825 656 919 consequi
680 823 715 896 se
737 823 834 917 polle
848 831 1039 919 putaverit.
1065 826 1178 941 ,Quae
1194 830 1465 924 pestilentiffima

213 1014 216 1017 ⁴
300 929 355 1005 est
375 928 562 1002 hominum
580 922 703 1017 inepte
718 918 954 1010 devotorum,
981 925 1015 995 δι
1028 947 1126 999 carm
1139 929 1258 1023 potius
1273 951 1376 1023 quam
1390 934 1464 1029 spi.

299 1024 441 1104 ritui&
462 1020 592 1097 rationi
620 1018 819 1107 litantium,
853 1016 1001 1111 opinio,
1025 1040 1094 1109 qua
1105 1021 1264 1117 separant
1285 1050 1353 1123 quae
1371 1027 1467 1105 Deus

298 1114 484 1219 conjunxit.
534 1116 674 1215 Quibus
695 1116 785 1189 aedes
800 1112 873 1187 Dei
887 1111 966 1189 sunt
979 1116 1152 1205 amabiles,
1168 1120 1324 1197 &cultus
1339 1124 1413 1211 Dei?
1426 1128 1468 1203 iis

297 1220 468 1317 adligatus
500 1211 736 1304 delettabilis3
768 1212 911 1287 illorum
939 1211 1075 1309 animus
1102 1232 1124 1284 a
1149 1211 1231 1289 Deo
1255 1240 1327 1299 non
1346 1212 1467 1319 potest

207 1370 213 1377 -
275 1318 372 1393 'elle
389 1316 541 1403 alienus,
565 1333 634 1386 nec
647 1311 730 1385 Deo
746 1306 971 1399 sanmffimo,
995 1308 1031 1381 dr
1045 1309 1160 1383 omnis
1174 1312 1315 1388 virtutis
1328 1342 1465 1399 normae

300 1438 344 1494 ac
358 1412 569 1506 exemplari,
593 1406 767 1484 dillimilis.
817 1404 914 1506 Quid
929 1406 1026 1482 enim
1039 1410 1108 1481 turi
1122 1430 1194 1481 cum
1208 1414 1370 1484 tenebris?
1394 1420 1467 1499 san.

170 1588 173 1591 ,
297 1511 456 1589 tloDeo
473 1530 555 1585 cum
576 1506 636 1599 iis,
662 1526 815 1600 quorum
829 1502 1136 1582 animadrmanus
1154 1504 1202 1580 im
1228 1503 1419 1593 mesum?

348 1614 383 1701 §.
399 1606 498 1681 XlV.
522 1604 613 1684 Cum
633 1603 700 1675 Vir
718 1600 879 1693 illustris,
912 1602 947 1679 δι
967 1602 1084 1678 cultus
1105 1602 1179 1677 Dei
1223 1600 1469 1700 udiofiffirnus,

297 1705 364 1785 fibi
383 1704 525 1797 aliisque
545 1699 617 1775 Dei
642 1701 866 1790 amantibus,
902 1698 991 1777 nihil
1011 1701 1049 1777 in
1067 1700 1134 1774 hac
1156 1702 1230 1777 vita
1256 1702 1411 1798 optatius
1433 1705 1468 1783 de

299 1802 443 1883 felicius
460 1799 718 1894 inhabitatione
736 1798 776 1873 in
789 1798 1024 1874 tabernaculis
1037 1796 1197 1895 Jehovae
1211 1800 1371 1875 accidere
1412 1824 1468 1877 os-

298 1902 359 1991 se,
394 1922 460 1996 per
486 1898 635 1973 modum
662 1895 949 1988 exclamationis,
979 1896 1069 1973 vers.
1083 1919 1117 1973 a.
1139 1896 1341 1974 testificatus
1356 1824 1466 1990 effer,

213 2002 230 2070 ¹.
300 2018 402 2097 nunc
428 1994 624 2071 accuratius
644 1993 814 2088 exponit,
851 2023 882 2070 κ.
903 2017 975 2090 quo
997 1995 1115 2071 animo
1135 1994 1268 2093 fuerit,
1300 2018 1381 2075 cum
1395 1998 1466 2072 hoc

300 2107 404 2170 tanto
423 2092 522 2167 bono
542 2092 704 2181 carebat,
728 2090 819 2167 vers.
860 2092 1057 2188 ‚inpriore
1071 2093 1244 2168 membro.
1288 2119 1319 2169 ι.
1359 2109 1467 2171 nanta

300 2190 424 2265 laetitia
444 2189 482 2264 in
496 2187 680 2284 prasentia
692 2185 735 2263 fit
747 2114 924 2280 anseius,
948 2189 1015 2263 hac
1027 2192 1261 2289 praerogativa
1274 2118 1466 2284 magatro,

301 2286 393 2364 vers.
413 2309 448 2382 3.
462 2290 623 2365 membro
631 2284 849 2384 posteriore,
875 2284 1015 2387 divers.
1030 2310 1065 2378 4.
1115 2286 1269 2386 Quando
1301 2316 1326 2368 r.
1342 2290 1482 2365 beatos.

300 2386 471 2489 praedicat
489 2391 567 2460 tu'm
586 2384 712 2461 domus
733 2383 806 2457 Dei
823 2383 955 2461 incolas
975 2382 1009 2457 &
1030 2384 1186 2474 adcolas,
1219 2383 1309 2460 vers.
1333 2408 1367 2479 5.
1389 2404 1466 2463 turn

298 2504 386 2571 eos,
410 2482 471 2574 qni
490 2482 564 2557 hoc'
579 2478 642 2556 suo
661 2482 825 2576 exemplo
846 2481 990 2557 animati
1010 2478 1093 2557 Deo
1111 2479 1241 2574 fidant,
1266 2504 1334 2569 nec
1353 2484 1412 2559 vel
1427 2486 1468 2561 in

301 2576 511 2654 difficillimis
538 2578 669 2653 talibus
688 2579 811 2655 animis
839 2577 1103 2675 despondeant,
1128 2581 1267 2656 addito
1283 2580 1464 2677 'promitio

299 2674 543 2772 favorisDei,
567 2697 640 2768 quo
654 2690 825 2752 votorum
842 2691 1023 2773 compotes
1037 2675 1105 2753 lint
1118 2676 1253 2769 futuri,
1279 2677 1369 2753 vers.
1379 2681 1469 2755 6··8.

350 2776 384 2863 §.
400 2769 480 2845 XV.
536 2800 567 2847 a.
591 2772 776 2847 Summum
797 2774 904 2847 animi
918 2772 1147 2861 defiderium,
1173 2776 1293 2864 quoin
1307 2774 1380 2846 Dei
1394 2776 1466 2849 cul·

298 2886 378 2951 tum
399 2866 653 2962 Hierosolymis
674 2884 838 2963 tempore
853 2868 1032 2963 prae'terito
1047 2866 1247 2942 calamitoso
1262 2866 1334 2941 fuit
1350 2868 1468 2942 adfer:

299 2972 384 3055 tus,
421 2966 474 3041 his
502 2965 619 3041 verbis
650 2960 739 3041 vers.
763 2967 800 3059 3.'
826 2964 1001 3061 exprimit.
1060 2960 1228 3057 Defiderr'o
1251 2963 1468 3057 tabefacienta

301 3059 561 3159 &consumente
581 3070 693 3139 aalma
713 3088 784 3137 mea
803 3062 999 3159 defidaravit
1014 3068 1104 3137 atrio
1119 3056 1280 3160 Jehovae,
1306 3060 1352 3137 sc.
1378 3051 1472 3139 tem!

299 3180 389 3255 pore
416 3160 622 3237 adflictionis
648 3160 684 3233 dr
703 3160 744 3235 fu
766 3184 795 3236 ae
816 3163 1025 3257 praeterito,
1066 3183 1138 3255 quo
1157 3161 1244 3235 milri
1264 3158 1468 3253 Hierosoly-

298 3254 399 3331 mam¹
416 3254 532 3347 adire,
553 3273 614 3332 aut
628 3258 728 3333 cultu
742 3184 814 3331 imi
827 3260 984 3357 legitime
1000 3256 1110 3333 defun
1136 3257 1171 3346 i,
1194 3281 1270 3333 non
1284 3256 1469 3355 continge·

272 3354 377 3429 tbat:
402 3352 556 3448 idqpod
575 3352 686 3448 supra,
701 3354 899 3431 observavi.
949 3355 1072 3433 Verba
1130 3357 1244 3429 ebraea
1265 3378 1339 3431 non
1355 3356 1468 3433 nifiin
1569 3358 1575 3369 '

299 3450 479 3542 animum,
511 3474 617 3546 quem
637 3452 689 3524 rei
711 3468 833 3527 amatae
857 3452 1084 3541 desiderium,
1111 3452 1207 3545 quod
1234 3454 1364 3547 expleri
1394 3458 1470 3553 non

298 3546 414 3639 potest
423 3550 600 3638 ,cruciat',
610 3548 968 3644 quadrant3adeoque
983 3548 1108 3625 statum
1124 3548 1272 3623 Davidis
1282 3600 1293 3637 ,
1303 3548 1346 3623 ad
1360 3570 1469 3640 quem

189 3648 195 3665 ’“
296 3643 369 3716 hoc
400 3648 576 3721 canticum
600 3647 832 3740 adplicamus,
855 3648 1034 3744 pingunt,
1059 3668 1130 3743 quo
1155 3644 1220 3719 hac
1236 3648 1469 3742 prerogativa¹

300 3742 463 3831 carebat,
491 3744 617 3835 partim
640 3744 679 3818 vi
694 3744 926 3839 praepeditus,
951 3745 1080 3839 partim
1100 3742 1175 3813 aliis
1196 3743 1368 3841 negotiis„
1392 3743 1468 3837 quae‘

299 3860 444 3913 manum
465 3838 587 3914 domui
607 3840 756 3935 Jehovae
777 3843 969 3918 admovere
985 3838 1241 3937 prohibebant,
1266 3840 1467 3937 implicitus.

300 3930 359 4005 De
377 3957 564 4028 quomor,
589 3934 815 4031 posteaquam
829 3938 968 4015 sensum
983 3936 1018 4013 &
1031 3936 1209 4035 emphasin
1224 3939 1416 4015 verborum
1431 3938 1469 4015 in

299 4027 416 4109 hrcem
429 4034 641 4131 produxero.
811 4114 814 4122 ,
855 4111 859 4119 ,
1095 4046 1098 4052 ‘
1193 4110 1197 4115 ,
1424 4098 1425 4103 t
1462 4044 1465 4052 '
1663 4108 1670 4115 ,

323 4143 328 4151 ’
665 4150 696 4158 ”
797 4134 960 4215 'Eeece
1146 4148 1154 4160 ‘
1202 4130 1469 4225 ·§;xvl.L0-·
1773 4228 1777 4235 .
