3900 5117
504 588 585 683 ,19⁶
705 566 1507 699 commentaturus

517 776 614 855 Heb..
631 794 697 849 xrr:
725 793 796 867 19·-
816 770 860 844 ad
883 769 1045 845 montem
1064 770 1170 845 Sinai.
1219 768 1305 869 Quo
1323 769 1383 863 hic
1404 767 1536 843 diredte
1557 785 1680 865 potem
1758 865 1761 871 Ι

517 874 667 969 respici3
704 869 755 943 ita
779 883 821 941 ut
850 868 1001 942 terribili
1029 866 1086 941 isti
1105 867 1189 942 voci
1210 865 1282 937 Dei
1302 882 1507 959 opponatur
1525 869 1681 961 iucunda

516 973 593 1047 lraec
613 968 647 1041 dt
668 964 841 1055 salutaris,
866 984 943 1059 quae
963 965 1188 1061 longealianr
1200 963 1239 1035 in
1251 964 1453 1037 hominibus
1465 967 1685 1057 produceret
1745 1023 1750 1036 ,

517 1089 667 1154 vocem,
692 1062 909 1139 laudis'ninr.
925 1062 964 1135 dr
986 1059 1233 1135 celebrationis
1249 1060 1389 1132 laetaeac
1398 1060 1587 1152 jucundae,
1613 1087 1682 1141 nec

513 1167 609 1241 inter
622 1162 762 1257 Judaeos
776 1178 934 1250 tanturn,
951 1180 1076 1231 verum
1094 1157 1135 1231 in
1148 1157 1266 1251 primis
1280 1155 1557 1247 quaquaversum
1570 1162 1608 1235 in
1623 1186 1703 1242 orr

416 1326 417 1331 t
514 1265 581 1351 be,
602 1260 643 1333 'dt
664 1261 758 1335 inter
778 1281 886 1355 regna
899 1255 1035 1331 mundt
1082 1252 1173 1353 Quae
1186 1273 1267 1325 cum
1280 1251 1446 1326 mirabilis
1460 1254 1564 1346 plane
1578 1256 1684 1337 soree

513 1358 640 1449 scena,
665 1381 734 1451 qua
749 1356 848 1431 Deus
863 1355 906 1426 de
923 1354 1029 1428 coelo
1041 1350 1206 1447 supremo
1219 1350 1342 1423 ederet
1355 1370 1503 1439 vocem,
1516 1374 1596 1445 quae
1610 1378 1680 1431 ora

514 1459 623 1533 totius
646 1454 742 1530 orbis
755 1456 792 1530 in
808 1450 944 1526 cantica
958 1450 1067 1523 laudis
1081 1445 1297 1535 resolveret,
1311 1447 1534 1540 premittitur
1548 1455 1683 1527 vocula

436 1615 438 1620 ,
525 1582 547 1628 n
575 1574 666 1642 ecce3
691 1573 768 1643 quae
787 1572 853 1624 nos
867 1545 1049 1622 manifeste
1064 1545 1252 1633 admonet,
1277 1558 1318 1618 ut
1332 1543 1375 1616 de
1390 1544 1494 1641 longe
1508 1547 1572 1619 alia
1585 1556 1681 1625 vorle

511 1580 585 1724 bei
605 1648 806 1744 prolatione
827 1646 1083 1742 cogitaremus,
1117 1665 1220 1735 quam
1242 1658 1346 1718 antea
1368 1663 1520 1735 amquam
1540 1641 1674 1726 fartum

362 1736 364 1748 ¹
511 1742 639 1821 fuerat.
690 1743 922 1841 Subjturgitur
944 1742 1052 1817 etiam
1070 1755 1152 1834 apte
1166 1739 1380 1839 precedenti
1393 1743 1575 1830 membro,
1601 1766 1679 1835 quo

510 1840 688 1919 Dominus
706 1841 744 1916 in
767 1841 931 1935 supremo
951 1841 1057 1914 coelo
1080 1837 1238 1913 versatus
1262 1835 1488 1927 describitur,
1515 1860 1598 1915 cum
1612 1865 1684 1915 vax

509 1941 568 2015 illa
582 1940 653 2013 D'ei
668 1954 754 2014 tunc
770 1939 915 2012 demum
930 1938 1129 2028 aruliretur,
1154 1935 1189 2007 dr
1201 1932 1273 2031 ipsa
1287 1959 1352 2008 vox
1364 1932 1592 2026 definiretur,
1602 1954 1679 2023 tan·
1799 1965 1803 1969 “

508 2056 613 2134 qaum
635 2034 897 2130 coeleliirplana
919 2034 953 2108 δι
972 2039 1089 2124 beata,-
1114 2032 1223 2127 qualis
1243 2033 1417 2106 convenit
1439 2034 1544 2109 coelo
1560 2034 1678 2128 supre-

508 2159 592 2225 m0,
617 2134 687 2209 sedi
709 2134 909 2209 beatitatis:
935 2133 1088 2227 denique
1108 2131 1147 2207 in
1161 2129 1358 2220 fundabit,
1383 2130 1481 2223 quod
1494 2133 1673 2207 exaltatio-
1709 2154 1712 2160 ’

507 2256 594 2310 nem
614 2231 766 2307 Domini
782 2229 1010 2325 sequeretur,
1036 2230 1318 2306 &continuaret
1339 2249 1414 2321 per·
1424 2229 1542 2313 omnia
1556 2228 1677 2307 secula.
1702 2280 1707 2286 -

505 2331 558 2401 ad.
572 2326 681 2401 finem
709 2328 985 2420 mundusque.
1046 2325 1122 2420 lpsa
1149 2348 1238 2401 vero
1260 2326 1369 2401 verba
1389 2328 1448 2399 dur
1465 2327 1671 2417 continent;

348 2456 354 2467 ·
506 2443 645 2510 unum,
682 2422 803 2497 Deum
841 2444 862 2493 e
895 2424 1009 2496 coelo·
1030 2420 1198 2520 supremo
1223 2425 1528 2501 editurumvnem
1547 2422 1671 2519 surm,

449 2578 455 2583 -
504 2524 668 2609 alterum,
694 2542 757 2613 pet
779 2541 857 2594 eam
881 2542 945 2594 ora
965 2520 1155 2597 hominum·
1169 2521 1240 2597 esse
1259 2523 1299 2597 in
1315 2524 1425 2597 voces
1438 2520 1548 2595 laudis
1562 2517 1672 2592 resol-

508 2615 663 2704 venda,
685 2639 762 2710 quae
785 2632 951 2710 tanquam
980 2620 1052 2691 erbo
1074 2640 1120 2713 err
1139 2642 1234 2693 voce
1255 2619 1327 2693 Dei
1354 2621 1546 2697 orirentur.
1599 2616 1675 2690 Hic

504 2715 601 2790 enim
614 2711 730 2789 sensus
746 2712 798 2788 est
811 2716 1126 2803 verborum,dalr't
1141 2714 1288 2814 voresaa
1301 2741 1412 2794 urcem
1425 2720 1534 2793 laudis
1543 2766 1558 2804 ,
1567 2736 1675 2810 quern

503 2810 748 2907 Interpretes,
768 2812 833 2907 qui
841 2812 900 2885 hic
916 2812 1014 2885 varie
1029 2811 1235 2907 instituunt,
1260 2839 1335 2893 non
1347 2828 1608 2909 perceperunt:
1636 2812 1677 2884 li·

501 2924 563 2987 tet
587 2931 696 2985 voces
713 2930 807 2985 eum.
817 2907 944 3003 sponte
968 2908 1026 2985 sua
1050 2912 1255 3002 proferant:
1282 2911 1332 2981 uti
1352 2910 1500 2997 quisque
1512 2908 1676 2986 admoni-

501 3028 561 3082 nra
586 3007 692 3080 facile
717 3006 895 3105 intelligit.
953 3005 1085 3077 Phrasis
1112 3004 1227 3103 enim,
1265 3022 1342 3074 voce
1354 2997 1422 3095 sua
1443 3000 1521 3073 dure
1540 3022 1676 3095 uocem,

504 3103 612 3177 aliurn
632 3100 728 3175 serre
748 3105 873 3199 nequit
894 3098 1051 3188 sensum,
1082 3099 1178 3174 hunc
1196 3091 1364 3192 aptiffime
1385 3096 1525 3187 fundit,
1564 3120 1675 3192 quem

504 3199 578 3293 seq.
601 3197 714 3277 adhuc
735 3200 972 3286 confirmant,
1013 3220 1094 3274 cum
1114 3220 1199 3273 mox
1219 3193 1382 3291 sequatur
1402 3195 1604 3272 adhortatio
1625 3198 1672 3273 ad

502 3295 577 3375 Deo
597 3300 725 3373 laudem
745 3302 908 3391 dandam
944 3296 1005 3374 seu
1025 3295 1219 3373 advocent
1238 3318 1317 3371 eam
1338 3294 1531 3387 edendum,
1564 3317 1675 3389 quarn

460 3410 464 3416 ’
502 3393 603 3471 Deus
625 3418 717 3471 voce
737 3395 797 3471 sua
818 3398 969 3485 dederat,
1002 3411 1063 3471 aut
1082 3396 1187 3471 dandi
1202 3392 1475 3478 occafionem&
1486 3393 1672 3471 materiam

502 3495 712 3590 prebuerat.
761 3493 883 3570 Deum
904 3517 1013 3567 urcem
1023 3492 1128 3589 fuam
1144 3494 1308 3569 daturum
1327 3514 1403 3584 non
1424 3491 1580 3587 expresse
1594 3494 1669 3585 qui·

501 3589 774 3678 deorhabetur,
800 3589 977 3665 sed'clare
999 3588 1078 3665 satis
1097 3592 1296 3681 indicatur,
1321 3590 1456 3685 phrasi,
1480 3592 1571 3663 dabir
1589 3611 1668 3664 orca
1704 3684 1708 3687 ᾖ

492 3684 561 3781 saa
581 3714 711 3779 umam,
735 3684 919 3763 manifeste
939 3688 1167 3778 involutum
1197 3689 1289 3763 adeo
1309 3688 1500 3777 utsemro,
1525 3686 1667 3763 concise
1695 3690 1699 3694 ’

501 3786 699 3877 expressus,
739 3786 844 3882 plene
869 3783 929 3859 fit:
955 3786 1046 3859 dabir
1070 3808 1180 3859 oocnn
1194 3786 1315 3879 suam,
1340 3784 1464 3859 &voce
1476 3782 1549 3881 fita>
1571 3785 1669 3861 dabit

499 3900 612 3958 uorem
626 3886 743 3960 laudis.
787 3880 858 3975 Vox
874 3881 943 3958 Dei
956 3882 1072 3977 itaque
1088 3881 1159 3973 est,
1185 3898 1224 3958 ut
1241 3882 1359 3978 paucis
1373 3881 1570 3969 absolvam,
1591 3903 1669 3957 vox

381 4022 384 4029 ’
498 3979 725 4078 ¹euangelica,
750 3980 903 4074 Divina,
928 3978 1159 4068 &coelestin
1174 3983 1283 4073 qualis
1296 3978 1457 4052 Domino
1471 3978 1508 4047 in
1523 3978 1668 4053 coelum

497 4077 649 4175 ‘lesbo
679 4078 714 4159 &
736 4080 863 4176 coelo,
889 4094 1056 4177 tanquan
1074 4076 1249 4162 mannus
1274 4076 1309 4155 dr
1328 4069 1514 4163 suabitatis
1534 4072 1668 4254 purx'lrtliae.
