3900 5117
511 530 585 609 ,a
694 498 1537 629 connnnrnnrus
1626 437 1629 442 ¹

512 694 672 801 esposui.
722 703 835 801 Magis
862 706 1006 801 proprie
1026 704 1144 796 ltaque
1165 696 1499 793 illuderprinritur,
1528 701 1623 794 quod
1636 698 1686 776 fia

416 828 417 833 ¹
486 818 489 825 ·
517 818 639 901 gurate
655 798 764 874 modo
777 817 853 875 erat
867 800 1017 891 dietum,
1041 796 1212 889 defrudo
1224 797 1388 892 graminis
1411 797 1536 885 tritici,
1559 796 1687 897 strepi:

405 957 407 969 χ
517 918 590 973 tum
609 898 749 971 edituro
768 896 875 971 instar
896 898 1042 985 Libani,
1072 900 1108 967 dt
1122 895 1277 969 nitorem
1290 895 1472 968 vibraturo
1485 888 1588 971 instar
1598 919 1683 994 gram

514 1000 616 1071 minis
629 1008 743 1067 terra:
768 994 829 1069 ubi
842 994 915 1067 vid.
930 994 1028 1067 dista
1787 1072 1792 1081 ,

542 1156 545 1162 .
565 1098 598 1184 §.
617 1095 793 1164 XXXVll.
820 1090 861 1163 ln
874 1088 1124 1183 propofitionis
1136 1086 1335 1182 numum,
1361 1086 1414 1167 his
1427 1094 1547 1167 verbis
1568 1087 1687 1187 sada,

518 1188 567 1273 ἃ
593 1190 774 1263 benedicent
793 1184 859 1279 fiiri
880 1192 917 1257 in
939 1210 972 1256 eo
994 1209 1100 1259 onmes
1116 1186 1249 1282 gentes,
1281 1188 1526 1285 leatumipsum
1543 1194 1650 1264 dicent
1663 1217 1691 1280 ,¹
1760 1212 1764 1219 ·

516 1285 592 1367 duo
611 1286 738 1359 clarius
759 1297 1005 1377 exponuntur,
1039 1288 1205 1373 alterum,
1237 1284 1395 1360 sobolem
1416 1294 1491 1377 ejus
1511 1295 1585 1378 tani
1605 1288 1686 1361 late

489 1382 491 1387 ’
517 1382 600 1459 fore
614 1378 818 1455 diffusam&
836 1378 1116 1471 multiplicatam,
1125 1396 1166 1451 ut
1178 1404 1285 1453 onmes
1290 1382 1681 1478 genterconrprehensu.

517 1500 558 1556 ra
574 1477 639 1568 fit,
651 1500 728 1571 quae
742 1496 819 1549 earn
836 1476 941 1549 etiam
955 1475 1191 1549 constituent:
1207 1482 1303 1570 quod
1315 1480 1409 1554 enirn
1422 1480 1533 1553 modo
1546 1477 1690 1555 didonis

513 1592 615 1664 erat,
638 1574 808 1669 fhlolescet
828 1596 941 1645 nomen
961 1572 1031 1667 ejus
1046 1596 1153 1645 coram
1163 1570 1256 1668 sole,
1286 1576 1371 1649 illud
1389 1576 1434 1650 ad
1445 1598 1552 1650 omnes
1565 1591 1691 1673 gentes*

513 1670 742 1759 extenditur,
772 1682 1005 1767 argumento,
1037 1690 1095 1743 eas
1117 1668 1187 1742 elle
1207 1672 1386 1766 copiosam
1399 1672 1650 1748 eanrsobolem
1668 1702 1694 1763 ,3

513 1770 565 1847 de
580 1770 726 1843 nomine
739 1768 813 1855 eius
826 1765 1235 1859 adpellandarnralt'erum
1250 1767 1508 1859 est,Meffiam⁴,
1516 1786 1684 1863 tanquam

515 1882 657 1965 patrem
678 1864 1021 1963 &progenitorem
1054 1862 1125 1936 elle
1147 1865 1191 1937 ab
1210 1864 1272 1954 iis,
1305 1866 1368 1959 qui
1387 1866 1432 1941 de
1446 1866 1592 1942 nomine
1605 1867 1686 1956 ejus'

517 1964 804 2059 adpellarentur,
829 1963 1052 2034 celebrandum
1067 1982 1109 2035 ac
1122 1958 1411 2059 glorificandum,
1428 1979 1591 2058 tanquam
1606 1967 1690 2039 ome

518 2056 809 2147 nil'ufficienteln,
840 2059 939 2133 omni
963 2058 1134 2134 beatitate
1155 2058 1391 2150 adfluentem,
1415 2058 1449 2135 dt
1468 2062 1583 2138 omnis
1596 2056 1684 2135 boni

517 2156 664 2245 fontem
684 2178 725 2231 ac
746 2152 911 2233 causans
934 2154 1030 2249 quod
1048 2155 1198 2251 phrafis,
1230 2160 1408 2231 banditen
1425 2154 1492 2251 filn‘
1514 2164 1550 2232 in
1565 2180 1617 2245 eo,
1642 2158 1688 2251 ut
1828 2236 1833 2246 ,

520 2256 675 2333 verbum
695 2252 795 2327 reddi
808 2244 934 2341 debet,
960 2274 1051 2326 vero
1066 2252 1129 2327 suo
1142 2252 1205 2326 usu
1219 2253 1387 2343 denotat,
1411 2255 1464 2327 uti
1478 2255 1516 2328 in
1561 2252 1690 2333 ronris·¹

479 2398 481 2401 -
517 2350 561 2429 so
576 2350 777 2424 Abrahamo
791 2348 907 2439 fatto,
932 2371 1004 2445 quo
1018 2349 1075 2424 hie
1089 2348 1293 2443 respicitur,
1318 2350 1498 2421 benedicent
1526 2353 1572 2419 tbi
1583 2352 1621 2419 in
1630 2345 1689 2441 se.-

509 2451 610 2523 'mine
624 2459 678 2519 tuo
691 2462 796 2519 omnes
810 2460 940 2542 gentes:
965 2447 1062 2540 qnod
1075 2448 1120 2522 ab
1134 2444 1207 2519 aliis
1217 2446 1290 2539 jam
1304 2442 1531 2519 observatum
1551 2440 1625 2533 est,
1647 2442 1684 2517 dt

519 2540 813 2619 demonstratum.
837 2540 943 2618 Conf.
956 2544 1189 2641 ,quoqueJen
1204 2564 1254 2617 rv:
1272 2564 1305 2617 2.
1330 2541 1366 2615 δι
1380 2539 1553 2619 ibiditta:
1577 2560 1689 2633 quare

522 2640 627 2739 plura
640 2652 715 2715 non
728 2638 868 2713 necelle
882 2636 933 2713 est
946 2641 1087 2718 addere.
1134 2636 1294 2715 Tantum
1306 2654 1474 2727 notetur,
1489 2658 1597 2713 nanas
1610 2656 1688 2731 gen·-

522 2752 575 2813 trs
589 2734 633 2809 ad
646 2734 795 2833 praeeed.
809 2736 848 2810 u
862 2734 932 2833 seq.
942 2737 1013 2813 sese
1029 2759 1172 2835 quoque
1185 2737 1389 2836 porrigere,
1403 2750 1445 2811 ut
1456 2734 1566 2812 modo
1581 2732 1690 2811 etiam

523 2834 722 2911 habuimus.
773 2832 842 2910 Sed
864 2857 932 2911 nec
956 2835 1230 2937 negligendaest
1244 2833 1411 2928 emphafis
1427 2833 1526 2904 verbi
1543 2850 1605 2904 wa
1628 2837 1688 2905 cu·'

520 2932 580 3033 jus
602 2932 769 3027 primaeva
789 2932 892 3010 notio
913 2932 1014 3008 estin
1034 2937 1268 3019 concreatione,
1301 2928 1364 3000 seu
1386 2930 1525 2998 tremula
1544 2930 1691 3001 mnatre

523 3054 586 3118 rte,
596 3054 675 3125 quae
687 3045 796 3103 notam
809 3028 859 3105 stri
872 3026 1163 3121 relinquit‚unde
1180 3038 1262 3097 nata
1275 3020 1328 3095 est
1340 3018 1493 3117 potestas
1503 3018 1690 3117 vestigii,a

526 3128 621 3221 pede
646 3142 855 3201 coruscante
874 3120 1044 3222 impreffi,
1072 3122 1226 3213 dicitque
1249 3132 1357 3192 terrae
1376 3122 1502 3192 clarum
1517 3116 1615 3213 pedis
1629 3124 1690 3193 im·
1818 3137 1822 3143 ’

526 3222 668 3323 peiorare
688 3220 874 3319 uestigium.
922 3220 1002 3299 Alia
1018 3240 1110 3294 vero
1125 3214 1303 3313 metaph,
1328 3233 1370 3291 ut
1381 3215 1517 3310 reliqua
1528 3216 1690 3309 mittam,

529 3333 610 3397 nota
627 3318 702 3392 haec
722 3325 865 3407 micans,
897 3336 982 3406 rea,
1015 3318 1050 3393 ei
1067 3315 1299 3407 adtribuitur,
1324 3314 1470 3409 quodin
1483 3312 1547 3389 luo
1560 3326 1691 3427 genere

529 3414 588 3503 est
607 3414 772 3491 eximium
793 3415 827 3489 &
847 3415 1073 3512 precellens,
1110 3426 1188 3490 noto
1207 3416 1339 3510 quippe
1353 3410 1692 3511 coustadistrndlunr
1747 3509 1749 3514 Ι

531 3512 578 3588 ab
593 3514 688 3602 aliis,
705 3530 745 3587 ut
758 3510 837 3587 Lat.
852 3512 916 3609 inst
937 3538 997 3605 rte,
1011 3514 1104 3609 quali
1118 3514 1216 3611 signo
1230 3528 1395 3588 notatum
1408 3510 1444 3584 dt
1457 3509 1692 3599 antecellens,

530 3610 613 3687 inde
627 3610 716 3705 plur.
734 3632 847 3685 nura
866 3540 936 3705 ind
951 3618 1101 3701 nitores,
1116 3609 1178 3685 seu
1192 3610 1381 3702 multiplex
1392 3604 1607 3700 prestantia,
1626 3609 1693 3679 noss

529 3708 651 3785 ,bilitas
672 3703 889 3796 &felicitae
963 3730 1027 3803 per
1040 3708 1140 3782 usum
1154 3704 1402 3781 adverbialem.
1417 3719 1508 3785 nna,
1532 3720 1603 3786 qno
1617 3702 1695 3787 quis

536 3802 741 3897 precellens,
761 3800 796 3874 &
815 3798 901 3875 felix
922 3795 1257 3896 praedicatonem
1272 3792 1697 3891 pathetica'exclanrario-

535 3919 611 3988 ne,
648 3896 1017 3994 oinfignitatetillrur
1045 3904 1128 3975 uiri.
1189 3894 1295 3970 Unde
1325 3884 1490 3979 ernphafis
1513 3887 1695 3983 phrafior,

501 4016 643 4087 *rmus*
668 3992 740 4071 hoc
766 3995 851 4075 loco
877 3996 1003 4095 sponte
1024 3994 1096 4073 sese
1109 3992 1241 4085 offert3
1263 4010 1334 4087 qua
1350 3983 1517 4078 denotat,
1535 3984 1694 4069 Menam
