<?xml version="1.0" encoding="UTF-8"?>
<!DOCTYPE html PUBLIC "-//W3C//DTD XHTML 1.0 Transitional//EN"
    "http://www.w3.org/TR/xhtml1/DTD/xhtml1-transitional.dtd">
<html xmlns="http://www.w3.org/1999/xhtml" xml:lang="en" lang="en">
 <head>
  <title>
</title>
<meta http-equiv="Content-Type" content="text/html;charset=utf-8" />
  <meta name='ocr-system' content='tesseract 3.04.00' />
  <meta name='ocr-capabilities' content='ocr_page ocr_carea ocr_par ocr_line ocrx_word'/>
</head>
<body>
  <div class='ocr_page' id='page_1' title='image "./hermannivenemac02venegoog_0696.png"; bbox 0 0 3900 5117; ppageno 0'>
   <div class='ocr_carea' id='block_1_1' title="bbox 498 537 1465 663">
    <p class='ocr_par' dir='ltr' id='par_1_1' title="bbox 498 537 1465 663">
     <span class='ocr_line' id='line_1_1' title="bbox 498 537 1465 663; baseline 0.012 -32"><span class='ocrx_word' id='word_1_1' title='bbox 498 573 563 631; x_wconf 80' lang='lat' dir='ltr'>ao</span> <span class='ocrx_word' id='word_1_2' title='bbox 636 552 664 629; x_wconf 91' lang='lat' dir='ltr'><strong>P</strong></span> <span class='ocrx_word' id='word_1_3' title='bbox 711 551 735 629; x_wconf 86' lang='lat' dir='ltr'>S</span> <span class='ocrx_word' id='word_1_4' title='bbox 786 554 819 626; x_wconf 87' lang='lat' dir='ltr'>A</span> <span class='ocrx_word' id='word_1_5' title='bbox 865 550 899 627; x_wconf 88' lang='lat' dir='ltr'><strong>L</strong></span> <span class='ocrx_word' id='word_1_6' title='bbox 948 548 1003 627; x_wconf 81' lang='lat' dir='ltr'>M.</span> <span class='ocrx_word' id='word_1_7' title='bbox 1076 537 1312 659; x_wconf 65' lang='lat' dir='ltr'>llutmzm.</span> <span class='ocrx_word' id='word_1_8' title='bbox 1395 568 1465 663; x_wconf 88' lang='lat'>689</span> 
     </span>
    </p>
   </div>
   <div class='ocr_carea' id='block_1_2' title="bbox 205 744 1662 4267">
    <p class='ocr_par' dir='ltr' id='par_1_2' title="bbox 294 744 1596 1232">
     <span class='ocr_line' id='line_1_2' title="bbox 294 744 1461 854; baseline -0.005 -17"><span class='ocrx_word' id='word_1_9' title='bbox 294 751 658 839; x_wconf 87' lang='lat' dir='ltr'>timinminentibus,</span> <span class='ocrx_word' id='word_1_10' title='bbox 690 744 922 841; x_wconf 86' lang='lat' dir='ltr'>pleniffimum</span> <span class='ocrx_word' id='word_1_11' title='bbox 942 747 1148 843; x_wconf 82' lang='lat' dir='ltr'>excidium,</span> <span class='ocrx_word' id='word_1_12' title='bbox 1188 758 1277 831; x_wconf 90' lang='lat' dir='ltr'>vers.</span> <span class='ocrx_word' id='word_1_13' title='bbox 1303 780 1461 854; x_wconf 86' lang='lat'>14-17.</span> 
     </span>
     <span class='ocr_line' id='line_1_3' title="bbox 295 846 1465 951; baseline 0.004 -25"><span class='ocrx_word' id='word_1_14' title='bbox 295 860 360 935; x_wconf 88' lang='lat' dir='ltr'>ubi</span> <span class='ocrx_word' id='word_1_15' title='bbox 411 881 444 926; x_wconf 75' lang='lat' dir='ltr'>n.</span> <span class='ocrx_word' id='word_1_16' title='bbox 471 848 611 923; x_wconf 90' lang='lat' dir='ltr'>Votum</span> <span class='ocrx_word' id='word_1_17' title='bbox 623 847 799 934; x_wconf 88' lang='lat' dir='ltr'>occurrit,</span> <span class='ocrx_word' id='word_1_18' title='bbox 825 846 916 921; x_wconf 89' lang='lat' dir='ltr'>vers.</span> <span class='ocrx_word' id='word_1_19' title='bbox 936 870 990 939; x_wconf 88' lang='lat'>14.</span> <span class='ocrx_word' id='word_1_20' title='bbox 1028 876 1057 923; x_wconf 80' lang='lat' dir='ltr'>r.</span> <span class='ocrx_word' id='word_1_21' title='bbox 1084 852 1308 945; x_wconf 86' lang='lat' dir='ltr'>promissum,</span> <span class='ocrx_word' id='word_1_22' title='bbox 1333 878 1404 951; x_wconf 94' lang='lat' dir='ltr'>quo</span> <span class='ocrx_word' id='word_1_23' title='bbox 1420 856 1465 931; x_wconf 91' lang='lat' dir='ltr'>ad</span> 
     </span>
     <span class='ocr_line' id='line_1_4' title="bbox 295 940 1596 1045; baseline 0.002 -18"><span class='ocrx_word' id='word_1_24' title='bbox 295 952 405 1039; x_wconf 90' lang='lat' dir='ltr'>illud,</span> <span class='ocrx_word' id='word_1_25' title='bbox 430 948 525 1042; x_wconf 91' lang='lat' dir='ltr'>quod</span> <span class='ocrx_word' id='word_1_26' title='bbox 539 960 716 1037; x_wconf 87' lang='lat' dir='ltr'>vovetur,</span> <span class='ocrx_word' id='word_1_27' title='bbox 741 940 974 1037; x_wconf 78' lang='lat' dir='ltr'>praestandum</span> <span class='ocrx_word' id='word_1_28' title='bbox 990 947 1210 1038; x_wconf 86' lang='lat' dir='ltr'>excitantur,</span> <span class='ocrx_word' id='word_1_29' title='bbox 1235 950 1324 1025; x_wconf 90' lang='lat' dir='ltr'>vers.</span> <span class='ocrx_word' id='word_1_30' title='bbox 1346 972 1464 1045; x_wconf 79' lang='lat'>15··17·</span> <span class='ocrx_word' id='word_1_31' title='bbox 1590 994 1596 1007; x_wconf 87' lang='lat'><strong>·</strong></span> 
     </span>
     <span class='ocr_line' id='line_1_5' title="bbox 299 1037 1465 1142; baseline 0 -22"><span class='ocrx_word' id='word_1_32' title='bbox 299 1082 332 1127; x_wconf 62' lang='lat' dir='ltr'>a.</span> <span class='ocrx_word' id='word_1_33' title='bbox 356 1048 497 1123; x_wconf 90' lang='lat' dir='ltr'>Votum</span> <span class='ocrx_word' id='word_1_34' title='bbox 530 1044 579 1116; x_wconf 91' lang='lat' dir='ltr'>ita</span> <span class='ocrx_word' id='word_1_35' title='bbox 599 1042 732 1129; x_wconf 90' lang='lat' dir='ltr'>habet,</span> <span class='ocrx_word' id='word_1_36' title='bbox 772 1037 863 1115; x_wconf 89' lang='lat' dir='ltr'>vers.</span> <span class='ocrx_word' id='word_1_37' title='bbox 891 1060 947 1131; x_wconf 85' lang='lat'>14.</span> <span class='ocrx_word' id='word_1_38' title='bbox 985 1038 1125 1117; x_wconf 82' lang='lat' dir='ltr'>Utinam</span> <span class='ocrx_word' id='word_1_39' title='bbox 1143 1052 1280 1142; x_wconf 82' lang='lat' dir='ltr'>populus</span> <span class='ocrx_word' id='word_1_40' title='bbox 1300 1070 1388 1121; x_wconf 84' lang='lat' dir='ltr'>meus</span> <span class='ocrx_word' id='word_1_41' title='bbox 1406 1072 1465 1121; x_wconf 82' lang='lat' dir='ltr'>as-</span> 
     </span>
     <span class='ocr_line' id='line_1_6' title="bbox 296 1139 1470 1232; baseline -0.006 -10"><span class='ocrx_word' id='word_1_42' title='bbox 296 1150 368 1223; x_wconf 80' lang='lat' dir='ltr'>diot</span> <span class='ocrx_word' id='word_1_43' title='bbox 386 1168 456 1232; x_wconf 86' lang='lat' dir='ltr'>me,</span> <span class='ocrx_word' id='word_1_44' title='bbox 482 1139 586 1213; x_wconf 70' lang='lat' dir='ltr'>seran</span> <span class='ocrx_word' id='word_1_45' title='bbox 609 1144 645 1213; x_wconf 85' lang='lat' dir='ltr'>in</span> <span class='ocrx_word' id='word_1_46' title='bbox 668 1143 737 1210; x_wconf 82' lang='lat' dir='ltr'>viis</span> <span class='ocrx_word' id='word_1_47' title='bbox 760 1141 839 1209; x_wconf 85' lang='lat' dir='ltr'>meis</span> <span class='ocrx_word' id='word_1_48' title='bbox 859 1140 1083 1211; x_wconf 76' lang='lat' dir='ltr'>ambularent!</span> <span class='ocrx_word' id='word_1_49' title='bbox 1114 1139 1161 1212; x_wconf 88' lang='lat' dir='ltr'>fic</span> <span class='ocrx_word' id='word_1_50' title='bbox 1181 1146 1276 1221; x_wconf 88' lang='lat' dir='ltr'>enim</span> <span class='ocrx_word' id='word_1_51' title='bbox 1291 1146 1470 1224; x_wconf 68' lang='lat' dir='ltr'>vertenda,</span> 
     </span>
    </p>

    <p class='ocr_par' dir='ltr' id='par_1_3' title="bbox 205 1234 1467 1524">
     <span class='ocr_line' id='line_1_7' title="bbox 205 1234 1467 1335; baseline 0.002 -20"><span class='ocrx_word' id='word_1_52' title='bbox 205 1311 208 1315; x_wconf 22' lang='lat' dir='ltr'><strong><em>s</em></strong></span> <span class='ocrx_word' id='word_1_53' title='bbox 295 1244 519 1327; x_wconf 88' lang='lat' dir='ltr'>suntverba,</span> <span class='ocrx_word' id='word_1_54' title='bbox 544 1238 667 1311; x_wconf 86' lang='lat' dir='ltr'>&amp;non</span> <span class='ocrx_word' id='word_1_55' title='bbox 681 1234 726 1308; x_wconf 90' lang='lat' dir='ltr'>de</span> <span class='ocrx_word' id='word_1_56' title='bbox 741 1235 944 1328; x_wconf 75' lang='lat' dir='ltr'>preterito,</span> <span class='ocrx_word' id='word_1_57' title='bbox 970 1235 1108 1309; x_wconf 86' lang='lat' dir='ltr'>utinam</span> <span class='ocrx_word' id='word_1_58' title='bbox 1122 1238 1319 1335; x_wconf 82' lang='lat' dir='ltr'>oudioiffet,</span> <span class='ocrx_word' id='word_1_59' title='bbox 1345 1243 1467 1317; x_wconf 84' lang='lat' dir='ltr'>&amp;aor-</span> 
     </span>
     <span class='ocr_line' id='line_1_8' title="bbox 296 1332 1466 1437; baseline 0.003 -24"><span class='ocrx_word' id='word_1_60' title='bbox 296 1336 451 1437; x_wconf 68' lang='lat' dir='ltr'>muffet,</span> <span class='ocrx_word' id='word_1_61' title='bbox 476 1335 635 1411; x_wconf 89' lang='lat' dir='ltr'>occurrit</span> <span class='ocrx_word' id='word_1_62' title='bbox 657 1332 753 1407; x_wconf 87' lang='lat' dir='ltr'>enirn</span> <span class='ocrx_word' id='word_1_63' title='bbox 774 1334 924 1407; x_wconf 88' lang='lat' dir='ltr'>verbum</span> <span class='ocrx_word' id='word_1_64' title='bbox 939 1332 1254 1422; x_wconf 71' lang='lat' dir='ltr'>ambularemus,</span> <span class='ocrx_word' id='word_1_65' title='bbox 1270 1336 1466 1430; x_wconf 73' lang='lat' dir='ltr'>devotum,</span> 
     </span>
     <span class='ocr_line' id='line_1_9' title="bbox 294 1426 1464 1524; baseline 0 -12"><span class='ocrx_word' id='word_1_66' title='bbox 294 1460 379 1519; x_wconf 84' lang='lat' dir='ltr'>cum</span> <span class='ocrx_word' id='word_1_67' title='bbox 393 1441 449 1509; x_wconf 84' lang='lat' dir='ltr'>res&#39;</span> <span class='ocrx_word' id='word_1_68' title='bbox 462 1432 624 1509; x_wconf 88' lang='lat' dir='ltr'>nondum</span> <span class='ocrx_word' id='word_1_69' title='bbox 638 1430 689 1503; x_wconf 92' lang='lat' dir='ltr'>est</span> <span class='ocrx_word' id='word_1_70' title='bbox 705 1427 887 1521; x_wconf 83' lang='lat' dir='ltr'>desperata</span> <span class='ocrx_word' id='word_1_71' title='bbox 900 1442 962 1501; x_wconf 88' lang='lat' dir='ltr'>aut</span> <span class='ocrx_word' id='word_1_72' title='bbox 975 1426 1119 1518; x_wconf 65' lang='lat' dir='ltr'>effecta,</span> <span class='ocrx_word' id='word_1_73' title='bbox 1142 1431 1254 1524; x_wconf 89' lang='lat' dir='ltr'>aptius</span> <span class='ocrx_word' id='word_1_74' title='bbox 1269 1438 1464 1513; x_wconf 80' lang='lat' dir='ltr'>emittitur:</span> 
     </span>
    </p>

    <p class='ocr_par' dir='ltr' id='par_1_4' title="bbox 228 1522 1662 3471">
     <span class='ocr_line' id='line_1_10' title="bbox 228 1522 1662 1629; baseline -0.001 -21"><span class='ocrx_word' id='word_1_75' title='bbox 228 1561 233 1567; x_wconf 94' lang='lat'>·</span> <span class='ocrx_word' id='word_1_76' title='bbox 295 1554 402 1629; x_wconf 88' lang='lat' dir='ltr'>quare</span> <span class='ocrx_word' id='word_1_77' title='bbox 420 1530 569 1620; x_wconf 75' lang='lat' dir='ltr'>rettius,</span> <span class='ocrx_word' id='word_1_78' title='bbox 584 1527 699 1603; x_wconf 88' lang='lat' dir='ltr'>veluti</span> <span class='ocrx_word' id='word_1_79' title='bbox 713 1522 868 1615; x_wconf 89' lang='lat' dir='ltr'>institui,</span> <span class='ocrx_word' id='word_1_80' title='bbox 883 1527 996 1601; x_wconf 89' lang='lat' dir='ltr'>verba</span> <span class='ocrx_word' id='word_1_81' title='bbox 1010 1526 1053 1599; x_wconf 92' lang='lat' dir='ltr'>ad</span> <span class='ocrx_word' id='word_1_82' title='bbox 1068 1526 1271 1605; x_wconf 88' lang='lat' dir='ltr'>universum</span> <span class='ocrx_word' id='word_1_83' title='bbox 1286 1533 1463 1623; x_wconf 88' lang='lat' dir='ltr'>populum</span> <span class='ocrx_word' id='word_1_84' title='bbox 1660 1622 1662 1626; x_wconf 22' lang='grc' dir='ltr'>Ι</span> 
     </span>
     <span class='ocr_line' id='line_1_11' title="bbox 291 1622 1607 1726; baseline -0.006 -18"><span class='ocrx_word' id='word_1_85' title='bbox 291 1628 609 1726; x_wconf 80' lang='lat' dir='ltr'>Ephraimiticum,</span> <span class='ocrx_word' id='word_1_86' title='bbox 642 1625 802 1700; x_wconf 91' lang='lat' dir='ltr'>nondum</span> <span class='ocrx_word' id='word_1_87' title='bbox 820 1624 926 1718; x_wconf 89' lang='lat' dir='ltr'>plane</span> <span class='ocrx_word' id='word_1_88' title='bbox 947 1622 1119 1714; x_wconf 73' lang='lat' dir='ltr'>amenum</span> <span class='ocrx_word' id='word_1_89' title='bbox 1140 1625 1175 1698; x_wconf 73' lang='grc' dir='ltr'>δι</span> <span class='ocrx_word' id='word_1_90' title='bbox 1196 1623 1388 1717; x_wconf 75' lang='lat' dir='ltr'>eversum,</span> <span class='ocrx_word' id='word_1_91' title='bbox 1414 1651 1468 1701; x_wconf 85' lang='lat' dir='ltr'>re·</span> <span class='ocrx_word' id='word_1_92' title='bbox 1605 1644 1607 1647; x_wconf 87' lang='grc'><strong><em>·</em></strong></span> 
     </span>
     <span class='ocr_line' id='line_1_12' title="bbox 291 1720 1468 1820; baseline -0.005 -17"><span class='ocrx_word' id='word_1_93' title='bbox 291 1730 473 1803; x_wconf 85' lang='lat' dir='ltr'>seruntur.</span> <span class='ocrx_word' id='word_1_94' title='bbox 523 1726 713 1820; x_wconf 88' lang='lat' dir='ltr'>Supererat</span> <span class='ocrx_word' id='word_1_95' title='bbox 730 1721 845 1795; x_wconf 87' lang='lat' dir='ltr'>adhuc</span> <span class='ocrx_word' id='word_1_96' title='bbox 867 1744 1016 1819; x_wconf 81' lang='lat' dir='ltr'>regnum</span> <span class='ocrx_word' id='word_1_97' title='bbox 1036 1720 1170 1796; x_wconf 78' lang='lat' dir='ltr'>Israelis</span> <span class='ocrx_word' id='word_1_98' title='bbox 1188 1722 1253 1798; x_wconf 90' lang='lat' dir='ltr'>sub</span> <span class='ocrx_word' id='word_1_99' title='bbox 1267 1722 1404 1813; x_wconf 89' lang='lat' dir='ltr'>Hosea,</span> <span class='ocrx_word' id='word_1_100' title='bbox 1427 1726 1468 1797; x_wconf 87' lang='lat' dir='ltr'>li-</span> 
     </span>
     <span class='ocr_line' id='line_1_13' title="bbox 292 1818 1468 1921; baseline -0.001 -20"><span class='ocrx_word' id='word_1_101' title='bbox 292 1840 355 1901; x_wconf 91' lang='lat' dir='ltr'>cet</span> <span class='ocrx_word' id='word_1_102' title='bbox 377 1821 502 1921; x_wconf 84' lang='lat' dir='ltr'>infigni</span> <span class='ocrx_word' id='word_1_103' title='bbox 522 1825 582 1897; x_wconf 82' lang='lat' dir='ltr'>sua</span> <span class='ocrx_word' id='word_1_104' title='bbox 602 1834 702 1917; x_wconf 87' lang='lat' dir='ltr'>parte</span> <span class='ocrx_word' id='word_1_105' title='bbox 722 1818 951 1907; x_wconf 87' lang='lat' dir='ltr'>mutilatum,</span> <span class='ocrx_word' id='word_1_106' title='bbox 983 1818 1374 1911; x_wconf 78' lang='lat' dir='ltr'>Trans-jordanenlibus</span> <span class='ocrx_word' id='word_1_107' title='bbox 1392 1821 1468 1913; x_wconf 81' lang='lat' dir='ltr'>jam</span> 
     </span>
     <span class='ocr_line' id='line_1_14' title="bbox 295 1914 1468 2013; baseline -0.005 -13"><span class='ocrx_word' id='word_1_108' title='bbox 295 1920 464 2001; x_wconf 81' lang='lat' dir='ltr'>abdutlis.</span> <span class='ocrx_word' id='word_1_109' title='bbox 519 1918 590 1994; x_wconf 89' lang='lat' dir='ltr'>Sed</span> <span class='ocrx_word' id='word_1_110' title='bbox 617 1918 797 2013; x_wconf 88' lang='lat' dir='ltr'>supererat</span> <span class='ocrx_word' id='word_1_111' title='bbox 823 1914 917 1989; x_wconf 86' lang='lat' dir='ltr'>haud</span> <span class='ocrx_word' id='word_1_112' title='bbox 943 1918 1072 2010; x_wconf 86' lang='lat' dir='ltr'>procul</span> <span class='ocrx_word' id='word_1_113' title='bbox 1097 1938 1117 1991; x_wconf 87' lang='lat' dir='ltr'>a</span> <span class='ocrx_word' id='word_1_114' title='bbox 1141 1919 1243 1992; x_wconf 91' lang='lat' dir='ltr'>ruina</span> <span class='ocrx_word' id='word_1_115' title='bbox 1265 1932 1468 2010; x_wconf 73' lang='lat' dir='ltr'>remotum3</span> 
     </span>
     <span class='ocr_line' id='line_1_15' title="bbox 295 2010 1465 2112; baseline -0.004 -14"><span class='ocrx_word' id='word_1_116' title='bbox 295 2038 359 2111; x_wconf 90' lang='lat' dir='ltr'>ut,</span> <span class='ocrx_word' id='word_1_117' title='bbox 384 2016 449 2093; x_wconf 87' lang='lat' dir='ltr'>nisr</span> <span class='ocrx_word' id='word_1_118' title='bbox 466 2017 543 2093; x_wconf 90' lang='lat' dir='ltr'>cito</span> <span class='ocrx_word' id='word_1_119' title='bbox 564 2014 634 2091; x_wconf 90' lang='lat' dir='ltr'>sese</span> <span class='ocrx_word' id='word_1_120' title='bbox 654 2015 697 2088; x_wconf 88' lang='lat' dir='ltr'>ad</span> <span class='ocrx_word' id='word_1_121' title='bbox 711 2012 885 2108; x_wconf 90' lang='lat' dir='ltr'>Jehovam</span> <span class='ocrx_word' id='word_1_122' title='bbox 905 2010 1026 2089; x_wconf 88' lang='lat' dir='ltr'>Deum</span> <span class='ocrx_word' id='word_1_123' title='bbox 1051 2015 1150 2090; x_wconf 89' lang='lat' dir='ltr'>suum</span> <span class='ocrx_word' id='word_1_124' title='bbox 1164 2038 1228 2112; x_wconf 91' lang='lat' dir='ltr'>per</span> <span class='ocrx_word' id='word_1_125' title='bbox 1241 2038 1366 2092; x_wconf 86' lang='lat' dir='ltr'>veram</span> <span class='ocrx_word' id='word_1_126' title='bbox 1379 2038 1465 2093; x_wconf 86' lang='lat' dir='ltr'>con-</span> 
     </span>
     <span class='ocr_line' id='line_1_16' title="bbox 295 2110 1470 2208; baseline -0.007 -13"><span class='ocrx_word' id='word_1_127' title='bbox 295 2117 498 2195; x_wconf 80' lang='lat' dir='ltr'>verslonem</span> <span class='ocrx_word' id='word_1_128' title='bbox 518 2114 716 2208; x_wconf 88' lang='lat' dir='ltr'>reciperet,</span> <span class='ocrx_word' id='word_1_129' title='bbox 741 2111 891 2186; x_wconf 87' lang='lat' dir='ltr'>eandem</span> <span class='ocrx_word' id='word_1_130' title='bbox 913 2112 1044 2187; x_wconf 87' lang='lat' dir='ltr'>sortem</span> <span class='ocrx_word' id='word_1_131' title='bbox 1066 2110 1182 2187; x_wconf 88' lang='lat' dir='ltr'>subire</span> <span class='ocrx_word' id='word_1_132' title='bbox 1204 2114 1342 2189; x_wconf 86' lang='lat' dir='ltr'>debeat.</span> <span class='ocrx_word' id='word_1_133' title='bbox 1391 2113 1470 2190; x_wconf 86' lang='lat' dir='ltr'>Au-</span> 
     </span>
     <span class='ocr_line' id='line_1_17' title="bbox 297 2206 1584 2307; baseline -0.002 -19"><span class='ocrx_word' id='word_1_134' title='bbox 297 2216 435 2288; x_wconf 87' lang='lat' dir='ltr'>diverat</span> <span class='ocrx_word' id='word_1_135' title='bbox 445 2210 553 2287; x_wconf 84' lang='lat' dir='ltr'>lsrael</span> <span class='ocrx_word' id='word_1_136' title='bbox 567 2224 743 2306; x_wconf 85' lang='lat' dir='ltr'>corruptae</span> <span class='ocrx_word' id='word_1_137' title='bbox 757 2206 885 2283; x_wconf 92' lang='lat' dir='ltr'>indolis</span> <span class='ocrx_word' id='word_1_138' title='bbox 902 2208 1102 2301; x_wconf 77' lang='lat' dir='ltr'>instinctus,</span> <span class='ocrx_word' id='word_1_139' title='bbox 1126 2211 1162 2283; x_wconf 83' lang='lat' dir='ltr'>dt</span> <span class='ocrx_word' id='word_1_140' title='bbox 1176 2211 1213 2286; x_wconf 92' lang='lat' dir='ltr'>in</span> <span class='ocrx_word' id='word_1_141' title='bbox 1227 2210 1380 2307; x_wconf 90' lang='lat' dir='ltr'>propriis</span> <span class='ocrx_word' id='word_1_142' title='bbox 1396 2233 1467 2287; x_wconf 66' lang='lat' dir='ltr'>am«</span> <span class='ocrx_word' id='word_1_143' title='bbox 1582 2298 1584 2301; x_wconf 42' lang='grc'>,</span> 
     </span>
     <span class='ocr_line' id='line_1_18' title="bbox 294 2305 1467 2403; baseline -0.004 -15"><span class='ocrx_word' id='word_1_144' title='bbox 294 2310 483 2388; x_wconf 90' lang='lat' dir='ltr'>bulaverat</span> <span class='ocrx_word' id='word_1_145' title='bbox 503 2307 675 2398; x_wconf 77' lang='lat' dir='ltr'>consiliis,</span> <span class='ocrx_word' id='word_1_146' title='bbox 707 2331 728 2381; x_wconf 92' lang='lat' dir='ltr'>a</span> <span class='ocrx_word' id='word_1_147' title='bbox 748 2306 833 2380; x_wconf 93' lang='lat' dir='ltr'>Deo</span> <span class='ocrx_word' id='word_1_148' title='bbox 853 2305 1058 2395; x_wconf 73' lang='lat' dir='ltr'>derelis&#39;tus,</span> <span class='ocrx_word' id='word_1_149' title='bbox 1095 2306 1336 2403; x_wconf 86' lang='lat' dir='ltr'>&amp;propterea</span> <span class='ocrx_word' id='word_1_150' title='bbox 1349 2310 1393 2381; x_wconf 85' lang='lat' dir='ltr'>sb</span> <span class='ocrx_word' id='word_1_151' title='bbox 1408 2328 1467 2383; x_wconf 84' lang='lat' dir='ltr'>ex·</span> 
     </span>
     <span class='ocr_line' id='line_1_19' title="bbox 295 2403 1468 2501; baseline -0.005 -17"><span class='ocrx_word' id='word_1_152' title='bbox 295 2410 394 2484; x_wconf 80' lang='lat' dir='ltr'>sidio</span> <span class='ocrx_word' id='word_1_153' title='bbox 410 2430 525 2501; x_wconf 86' lang='lat' dir='ltr'>prope</span> <span class='ocrx_word' id='word_1_154' title='bbox 539 2411 679 2495; x_wconf 83' lang='lat' dir='ltr'>aberat3</span> <span class='ocrx_word' id='word_1_155' title='bbox 705 2406 743 2478; x_wconf 89' lang='lat' dir='ltr'>in</span> <span class='ocrx_word' id='word_1_156' title='bbox 757 2404 853 2498; x_wconf 92' lang='lat' dir='ltr'>quod</span> <span class='ocrx_word' id='word_1_157' title='bbox 867 2422 968 2479; x_wconf 90' lang='lat' dir='ltr'>certo</span> <span class='ocrx_word' id='word_1_158' title='bbox 986 2405 1116 2481; x_wconf 89' lang='lat' dir='ltr'>certius</span> <span class='ocrx_word' id='word_1_159' title='bbox 1130 2407 1232 2481; x_wconf 90' lang='lat' dir='ltr'>brevi</span> <span class='ocrx_word' id='word_1_160' title='bbox 1245 2422 1388 2495; x_wconf 90' lang='lat' dir='ltr'>rueret,</span> <span class='ocrx_word' id='word_1_161' title='bbox 1403 2403 1468 2481; x_wconf 79' lang='lat' dir='ltr'>nili</span> 
     </span>
     <span class='ocr_line' id='line_1_20' title="bbox 285 2502 1467 2599; baseline -0.003 -19"><span class='ocrx_word' id='word_1_162' title='bbox 285 2508 386 2581; x_wconf 84' lang='lat' dir='ltr'>-voci</span> <span class='ocrx_word' id='word_1_163' title='bbox 406 2505 535 2578; x_wconf 79' lang='lat' dir='ltr'>divinae</span> <span class='ocrx_word' id='word_1_164' title='bbox 554 2502 782 2592; x_wconf 81' lang='lat' dir='ltr'>auscultaret,</span> <span class='ocrx_word' id='word_1_165' title='bbox 807 2502 841 2576; x_wconf 72' lang='grc' dir='ltr'>ἃ</span> <span class='ocrx_word' id='word_1_166' title='bbox 863 2503 940 2594; x_wconf 85' lang='lat' dir='ltr'>ejus</span> <span class='ocrx_word' id='word_1_167' title='bbox 954 2518 1152 2599; x_wconf 79' lang='lat' dir='ltr'>praecepta,</span> <span class='ocrx_word' id='word_1_168' title='bbox 1165 2544 1167 2551; x_wconf 36' lang='grc' dir='ltr'><strong><em>ι</em></strong></span> <span class='ocrx_word' id='word_1_169' title='bbox 1180 2506 1321 2581; x_wconf 86' lang='lat' dir='ltr'>unicam</span> <span class='ocrx_word' id='word_1_170' title='bbox 1338 2507 1467 2580; x_wconf 88' lang='lat' dir='ltr'>viama</span> 
     </span>
     <span class='ocr_line' id='line_1_21' title="bbox 301 2600 1472 2697; baseline -0.001 -19"><span class='ocrx_word' id='word_1_171' title='bbox 301 2603 385 2679; x_wconf 90' lang='lat' dir='ltr'>Deo</span> <span class='ocrx_word' id='word_1_172' title='bbox 397 2601 540 2678; x_wconf 87' lang='lat' dir='ltr'>stratam</span> <span class='ocrx_word' id='word_1_173' title='bbox 553 2600 778 2688; x_wconf 90' lang='lat' dir='ltr'>adsalutem,</span> <span class='ocrx_word' id='word_1_174' title='bbox 800 2600 1040 2678; x_wconf 86' lang='lat' dir='ltr'>confestim&amp;</span> <span class='ocrx_word' id='word_1_175' title='bbox 1054 2602 1262 2679; x_wconf 82' lang='lat' dir='ltr'>‘constanter</span> <span class='ocrx_word' id='word_1_176' title='bbox 1276 2604 1472 2697; x_wconf 85' lang='lat' dir='ltr'>susciperer</span> 
     </span>
     <span class='ocr_line' id='line_1_22' title="bbox 301 2697 1467 2799; baseline -0.003 -24"><span class='ocrx_word' id='word_1_177' title='bbox 301 2698 532 2777; x_wconf 76' lang='lat' dir='ltr'>observanda.</span> <span class='ocrx_word' id='word_1_178' title='bbox 574 2697 693 2799; x_wconf 85' lang='lat' dir='ltr'>¹Quod</span> <span class='ocrx_word' id='word_1_179' title='bbox 713 2710 755 2771; x_wconf 88' lang='lat' dir='ltr'>ut</span> <span class='ocrx_word' id='word_1_180' title='bbox 774 2697 879 2773; x_wconf 85' lang='lat' dir='ltr'>saciat</span> <span class='ocrx_word' id='word_1_181' title='bbox 895 2698 1027 2790; x_wconf 75' lang='lat' dir='ltr'>lsrael,</span> <span class='ocrx_word' id='word_1_182' title='bbox 1045 2723 1134 2775; x_wconf 82' lang='lat' dir='ltr'>sum</span> <span class='ocrx_word' id='word_1_183' title='bbox 1153 2698 1254 2774; x_wconf 91' lang='lat' dir='ltr'>Deus</span> <span class='ocrx_word' id='word_1_184' title='bbox 1275 2700 1333 2774; x_wconf 92' lang='lat' dir='ltr'>hic</span> <span class='ocrx_word' id='word_1_185' title='bbox 1358 2713 1467 2797; x_wconf 83' lang='lat' dir='ltr'>optet,</span> 
     </span>
     <span class='ocr_line' id='line_1_23' title="bbox 299 2794 1469 2897; baseline -0.003 -25"><span class='ocrx_word' id='word_1_186' title='bbox 299 2798 407 2887; x_wconf 77' lang='lat' dir='ltr'>illud,</span> <span class='ocrx_word' id='word_1_187' title='bbox 437 2796 684 2897; x_wconf 67' lang='grc' dir='ltr'>Γιθεοπςεπίὸς,</span> <span class='ocrx_word' id='word_1_188' title='bbox 720 2806 762 2867; x_wconf 88' lang='lat' dir='ltr'>ut</span> <span class='ocrx_word' id='word_1_189' title='bbox 783 2794 906 2881; x_wconf 87' lang='lat' dir='ltr'>decet,</span> <span class='ocrx_word' id='word_1_190' title='bbox 937 2794 1174 2891; x_wconf 72' lang='lat' dir='ltr'>intelligatur,</span> <span class='ocrx_word' id='word_1_191' title='bbox 1198 2798 1247 2867; x_wconf 91' lang='lat' dir='ltr'>ob</span> <span class='ocrx_word' id='word_1_192' title='bbox 1264 2798 1387 2868; x_wconf 88' lang='lat' dir='ltr'>oculos</span> <span class='ocrx_word' id='word_1_193' title='bbox 1403 2818 1469 2887; x_wconf 87' lang='lat' dir='ltr'>po-</span> 
     </span>
     <span class='ocr_line' id='line_1_24' title="bbox 298 2888 1470 2986; baseline -0.006 -15"><span class='ocrx_word' id='word_1_194' title='bbox 298 2912 384 2986; x_wconf 90' lang='lat' dir='ltr'>net,</span> <span class='ocrx_word' id='word_1_195' title='bbox 423 2916 456 2968; x_wconf 90' lang='lat'>1.</span> <span class='ocrx_word' id='word_1_196' title='bbox 482 2890 601 2969; x_wconf 91' lang='lat' dir='ltr'>Deum</span> <span class='ocrx_word' id='word_1_197' title='bbox 616 2894 759 2965; x_wconf 90' lang='lat' dir='ltr'>illorum</span> <span class='ocrx_word' id='word_1_198' title='bbox 771 2904 925 2964; x_wconf 91' lang='lat' dir='ltr'>mortem</span> <span class='ocrx_word' id='word_1_199' title='bbox 939 2888 1059 2977; x_wconf 89' lang='lat' dir='ltr'>nolle,</span> <span class='ocrx_word' id='word_1_200' title='bbox 1074 2889 1135 2961; x_wconf 89' lang='lat' dir='ltr'>sed</span> <span class='ocrx_word' id='word_1_201' title='bbox 1148 2890 1470 2965; x_wconf 74' lang='lat' dir='ltr'>conversionem&amp;</span> 
     </span>
     <span class='ocr_line' id='line_1_25' title="bbox 300 2984 1469 3081; baseline -0.005 -16"><span class='ocrx_word' id='word_1_202' title='bbox 300 3000 410 3067; x_wconf 80' lang='lat' dir='ltr'>otram</span> <span class='ocrx_word' id='word_1_203' title='bbox 426 2994 531 3081; x_wconf 83' lang='lat' dir='ltr'>velle,</span> <span class='ocrx_word' id='word_1_204' title='bbox 555 2988 697 3066; x_wconf 74' lang='lat' dir='ltr'>adfectu</span> <span class='ocrx_word' id='word_1_205' title='bbox 711 2986 1020 3073; x_wconf 84' lang='lat' dir='ltr'>serio&amp;fincero;</span> <span class='ocrx_word' id='word_1_206' title='bbox 1043 2998 1085 3059; x_wconf 92' lang='lat' dir='ltr'>ut</span> <span class='ocrx_word' id='word_1_207' title='bbox 1099 2984 1199 3059; x_wconf 90' lang='lat' dir='ltr'>Deus</span> <span class='ocrx_word' id='word_1_208' title='bbox 1213 2987 1304 3077; x_wconf 89' lang='lat' dir='ltr'>apud</span> <span class='ocrx_word' id='word_1_209' title='bbox 1315 2986 1469 3081; x_wconf 82' lang='lat' dir='ltr'>Prophe·</span> 
     </span>
     <span class='ocr_line' id='line_1_26' title="bbox 302 3082 1470 3180; baseline -0.003 -19"><span class='ocrx_word' id='word_1_210' title='bbox 302 3100 377 3161; x_wconf 82' lang='lat' dir='ltr'>tarn</span> <span class='ocrx_word' id='word_1_211' title='bbox 399 3088 562 3160; x_wconf 86' lang='lat' dir='ltr'>declarat.</span> <span class='ocrx_word' id='word_1_212' title='bbox 613 3110 647 3160; x_wconf 63' lang='grc' dir='ltr'>α.</span> <span class='ocrx_word' id='word_1_213' title='bbox 672 3084 867 3180; x_wconf 84' lang='lat' dir='ltr'>Populum,</span> <span class='ocrx_word' id='word_1_214' title='bbox 898 3083 1087 3180; x_wconf 86' lang='lat' dir='ltr'>fipereat,</span> <span class='ocrx_word' id='word_1_215' title='bbox 1117 3105 1198 3159; x_wconf 92' lang='lat' dir='ltr'>non</span> <span class='ocrx_word' id='word_1_216' title='bbox 1219 3082 1310 3175; x_wconf 84' lang='lat' dir='ltr'>Dei,</span> <span class='ocrx_word' id='word_1_217' title='bbox 1336 3082 1396 3157; x_wconf 91' lang='lat' dir='ltr'>sed</span> <span class='ocrx_word' id='word_1_218' title='bbox 1409 3082 1470 3158; x_wconf 82' lang='lat' dir='ltr'>sua</span> 
     </span>
     <span class='ocr_line' id='line_1_27' title="bbox 303 3180 1469 3277; baseline 0.001 -21"><span class='ocrx_word' id='word_1_219' title='bbox 303 3183 407 3275; x_wconf 77' lang='lat' dir='ltr'>culpe</span> <span class='ocrx_word' id='word_1_220' title='bbox 432 3180 566 3270; x_wconf 76' lang='lat' dir='ltr'>penum</span> <span class='ocrx_word' id='word_1_221' title='bbox 594 3182 658 3253; x_wconf 89' lang='lat' dir='ltr'>ire.</span> <span class='ocrx_word' id='word_1_222' title='bbox 711 3206 745 3274; x_wconf 87' lang='lat'>3.</span> <span class='ocrx_word' id='word_1_223' title='bbox 771 3182 946 3277; x_wconf 88' lang='lat' dir='ltr'>Adeoque</span> <span class='ocrx_word' id='word_1_224' title='bbox 965 3180 1063 3277; x_wconf 77' lang='lat' dir='ltr'>polle</span> <span class='ocrx_word' id='word_1_225' title='bbox 1086 3180 1272 3256; x_wconf 90' lang='lat' dir='ltr'>&amp;debere</span> <span class='ocrx_word' id='word_1_226' title='bbox 1295 3204 1360 3277; x_wconf 93' lang='lat' dir='ltr'>per</span> <span class='ocrx_word' id='word_1_227' title='bbox 1381 3181 1469 3277; x_wconf 82' lang='lat' dir='ltr'>legis</span> 
     </span>
     <span class='ocr_line' id='line_1_28' title="bbox 305 3274 1469 3384; baseline -0.001 -30"><span class='ocrx_word' id='word_1_228' title='bbox 305 3279 376 3355; x_wconf 89' lang='lat' dir='ltr'>Dei</span> <span class='ocrx_word' id='word_1_229' title='bbox 398 3274 659 3383; x_wconf 79' lang='lat' dir='ltr'>observantiam</span> <span class='ocrx_word' id='word_1_230' title='bbox 683 3280 796 3384; x_wconf 61' lang='lat' dir='ltr'>pdhuc</span> <span class='ocrx_word' id='word_1_231' title='bbox 814 3282 941 3355; x_wconf 88' lang='lat' dir='ltr'>ultimo</span> <span class='ocrx_word' id='word_1_232' title='bbox 954 3280 1095 3355; x_wconf 83' lang='lat' dir='ltr'>excidio</span> <span class='ocrx_word' id='word_1_233' title='bbox 1111 3280 1219 3374; x_wconf 84' lang='lat' dir='ltr'>eripi,</span> <span class='ocrx_word' id='word_1_234' title='bbox 1245 3280 1278 3353; x_wconf 74' lang='grc' dir='ltr'>δι</span> <span class='ocrx_word' id='word_1_235' title='bbox 1299 3280 1337 3355; x_wconf 90' lang='lat' dir='ltr'>in</span> <span class='ocrx_word' id='word_1_236' title='bbox 1357 3280 1469 3376; x_wconf 88' lang='lat' dir='ltr'>pristi-</span> 
     </span>
     <span class='ocr_line' id='line_1_29' title="bbox 282 3366 1499 3471; baseline -0.002 -17"><span class='ocrx_word' id='word_1_237' title='bbox 282 3383 394 3455; x_wconf 71' lang='lat' dir='ltr'>*num</span> <span class='ocrx_word' id='word_1_238' title='bbox 409 3370 539 3471; x_wconf 23' lang='lat' dir='ltr'>ustatum</span> <span class='ocrx_word' id='word_1_239' title='bbox 559 3366 707 3442; x_wconf 87' lang='lat' dir='ltr'>restrtur.</span> <span class='ocrx_word' id='word_1_240' title='bbox 757 3373 843 3446; x_wconf 84' lang='lat' dir='ltr'>Haec</span> <span class='ocrx_word' id='word_1_241' title='bbox 861 3376 925 3450; x_wconf 86' lang='lat' dir='ltr'>nisr</span> <span class='ocrx_word' id='word_1_242' title='bbox 943 3377 1193 3465; x_wconf 87' lang='lat' dir='ltr'>admittantur,</span> <span class='ocrx_word' id='word_1_243' title='bbox 1232 3376 1499 3464; x_wconf 55' lang='lat' dir='ltr'>frustraneum,</span> 
     </span>
    </p>

    <p class='ocr_par' dir='ltr' id='par_1_5' title="bbox 249 3466 1471 4267">
     <span class='ocr_line' id='line_1_30' title="bbox 306 3466 1470 3567; baseline -0.003 -19"><span class='ocrx_word' id='word_1_244' title='bbox 306 3478 344 3548; x_wconf 74' lang='grc' dir='ltr'>ἀ</span> <span class='ocrx_word' id='word_1_245' title='bbox 367 3474 529 3565; x_wconf 86' lang='lat' dir='ltr'>ineptum</span> <span class='ocrx_word' id='word_1_246' title='bbox 548 3466 645 3541; x_wconf 91' lang='lat' dir='ltr'>soret</span> <span class='ocrx_word' id='word_1_247' title='bbox 667 3482 821 3559; x_wconf 89' lang='lat' dir='ltr'>votum,</span> <span class='ocrx_word' id='word_1_248' title='bbox 859 3474 986 3549; x_wconf 88' lang='lat' dir='ltr'>nullius</span> <span class='ocrx_word' id='word_1_249' title='bbox 1006 3476 1109 3567; x_wconf 90' lang='lat' dir='ltr'>plane</span> <span class='ocrx_word' id='word_1_250' title='bbox 1139 3473 1266 3549; x_wconf 85' lang='lat' dir='ltr'>sensus.</span> <span class='ocrx_word' id='word_1_251' title='bbox 1315 3474 1395 3548; x_wconf 90' lang='lat' dir='ltr'>Nec</span> <span class='ocrx_word' id='word_1_252' title='bbox 1420 3482 1470 3545; x_wconf 59' lang='lat' dir='ltr'>tass</span> 
     </span>
     <span class='ocr_line' id='line_1_31' title="bbox 306 3561 1468 3662; baseline -0.001 -20"><span class='ocrx_word' id='word_1_253' title='bbox 306 3591 392 3649; x_wconf 87' lang='lat' dir='ltr'>men</span> <span class='ocrx_word' id='word_1_254' title='bbox 417 3566 566 3641; x_wconf 86' lang='lat' dir='ltr'>ulterius</span> <span class='ocrx_word' id='word_1_255' title='bbox 587 3561 730 3638; x_wconf 82' lang='lat' dir='ltr'>extendi</span> <span class='ocrx_word' id='word_1_256' title='bbox 750 3566 875 3641; x_wconf 78' lang='lat' dir='ltr'>velimz</span> <span class='ocrx_word' id='word_1_257' title='bbox 908 3570 969 3641; x_wconf 81' lang='lat' dir='ltr'>etsi</span> <span class='ocrx_word' id='word_1_258' title='bbox 989 3572 1135 3645; x_wconf 89' lang='lat' dir='ltr'>enimin</span> <span class='ocrx_word' id='word_1_259' title='bbox 1150 3571 1252 3644; x_wconf 94' lang='lat' dir='ltr'>nobis</span> <span class='ocrx_word' id='word_1_260' title='bbox 1267 3570 1468 3662; x_wconf 67' lang='lat' dir='ltr'>ineptitudiss</span> 
     </span>
     <span class='ocr_line' id='line_1_32' title="bbox 306 3661 1468 3757; baseline 0.001 -17"><span class='ocrx_word' id='word_1_261' title='bbox 306 3691 394 3744; x_wconf 88' lang='lat' dir='ltr'>nem</span> <span class='ocrx_word' id='word_1_262' title='bbox 421 3664 486 3750; x_wconf 92' lang='lat' dir='ltr'>id,</span> <span class='ocrx_word' id='word_1_263' title='bbox 518 3662 615 3755; x_wconf 90' lang='lat' dir='ltr'>quod</span> <span class='ocrx_word' id='word_1_264' title='bbox 645 3681 845 3752; x_wconf 90' lang='lat' dir='ltr'>vovemus,</span> <span class='ocrx_word' id='word_1_265' title='bbox 887 3661 1060 3739; x_wconf 89' lang='lat' dir='ltr'>efficiendi</span> <span class='ocrx_word' id='word_1_266' title='bbox 1081 3669 1264 3754; x_wconf 82' lang='lat' dir='ltr'>involvat,</span> <span class='ocrx_word' id='word_1_267' title='bbox 1301 3668 1338 3739; x_wconf 91' lang='lat' dir='ltr'>in</span> <span class='ocrx_word' id='word_1_268' title='bbox 1359 3666 1468 3757; x_wconf 93' lang='lat' dir='ltr'>Deo,</span> 
     </span>
     <span class='ocr_line' id='line_1_33' title="bbox 308 3759 1469 3859; baseline -0.003 -19"><span class='ocrx_word' id='word_1_269' title='bbox 308 3788 390 3840; x_wconf 87' lang='lat' dir='ltr'>curn</span> <span class='ocrx_word' id='word_1_270' title='bbox 405 3761 441 3833; x_wconf 91' lang='lat' dir='ltr'>id</span> <span class='ocrx_word' id='word_1_271' title='bbox 454 3760 571 3834; x_wconf 89' lang='lat' dir='ltr'>locum</span> <span class='ocrx_word' id='word_1_272' title='bbox 588 3781 661 3835; x_wconf 91' lang='lat' dir='ltr'>non</span> <span class='ocrx_word' id='word_1_273' title='bbox 675 3761 822 3849; x_wconf 88' lang='lat' dir='ltr'>habeat,</span> <span class='ocrx_word' id='word_1_274' title='bbox 848 3759 934 3833; x_wconf 89' lang='lat' dir='ltr'>nihil</span> <span class='ocrx_word' id='word_1_275' title='bbox 949 3760 1061 3850; x_wconf 89' lang='lat' dir='ltr'>aliud,</span> <span class='ocrx_word' id='word_1_276' title='bbox 1085 3764 1109 3835; x_wconf 85' lang='lat' dir='ltr'><strong>fi</strong></span> <span class='ocrx_word' id='word_1_277' title='bbox 1123 3784 1265 3859; x_wconf 87' lang='lat' dir='ltr'>urgeas,</span> <span class='ocrx_word' id='word_1_278' title='bbox 1281 3762 1469 3853; x_wconf 82' lang='lat' dir='ltr'>indicabit,</span> 
     </span>
     <span class='ocr_line' id='line_1_34' title="bbox 308 3848 1468 3955; baseline 0.001 -21"><span class='ocrx_word' id='word_1_279' title='bbox 308 3881 350 3934; x_wconf 87' lang='lat' dir='ltr'>ac</span> <span class='ocrx_word' id='word_1_280' title='bbox 371 3848 455 3932; x_wconf 89' lang='lat' dir='ltr'>Deo</span> <span class='ocrx_word' id='word_1_281' title='bbox 476 3870 590 3930; x_wconf 86' lang='lat' dir='ltr'>certas</span> <span class='ocrx_word' id='word_1_282' title='bbox 610 3854 680 3927; x_wconf 85' lang='lat' dir='ltr'>effe</span> <span class='ocrx_word' id='word_1_283' title='bbox 700 3858 876 3947; x_wconf 84' lang='lat' dir='ltr'>rationes,</span> <span class='ocrx_word' id='word_1_284' title='bbox 910 3876 1016 3949; x_wconf 89' lang='lat' dir='ltr'>quare</span> <span class='ocrx_word' id='word_1_285' title='bbox 1039 3856 1204 3933; x_wconf 80' lang='lat' dir='ltr'>effetlum</span> <span class='ocrx_word' id='word_1_286' title='bbox 1219 3861 1468 3955; x_wconf 87' lang='lat' dir='ltr'>omnipotente</span> 
     </span>
     <span class='ocr_line' id='line_1_35' title="bbox 309 3952 1470 4054; baseline -0.005 -25"><span class='ocrx_word' id='word_1_287' title='bbox 309 3957 400 4049; x_wconf 84' lang='lat' dir='ltr'>jussu</span> <span class='ocrx_word' id='word_1_288' title='bbox 419 3956 457 4029; x_wconf 91' lang='lat' dir='ltr'>in</span> <span class='ocrx_word' id='word_1_289' title='bbox 482 3953 600 4027; x_wconf 92' lang='lat' dir='ltr'>liberis</span> <span class='ocrx_word' id='word_1_290' title='bbox 621 3955 808 4041; x_wconf 85' lang='lat' dir='ltr'>creaturis,</span> <span class='ocrx_word' id='word_1_291' title='bbox 834 3954 930 4049; x_wconf 87' lang='lat' dir='ltr'>quod</span> <span class='ocrx_word' id='word_1_292' title='bbox 950 3952 1086 4052; x_wconf 74' lang='lat' dir='ltr'>posset,</span> <span class='ocrx_word' id='word_1_293' title='bbox 1110 3976 1185 4037; x_wconf 85' lang='lat' dir='ltr'>non</span> <span class='ocrx_word' id='word_1_294' title='bbox 1199 3956 1307 4035; x_wconf 84' lang='lat' dir='ltr'>fistat:</span> <span class='ocrx_word' id='word_1_295' title='bbox 1333 3982 1409 4054; x_wconf 83' lang='lat' dir='ltr'>quae</span> <span class='ocrx_word' id='word_1_296' title='bbox 1423 3960 1470 4035; x_wconf 74' lang='lat' dir='ltr'>la.</span> 
     </span>
     <span class='ocr_line' id='line_1_36' title="bbox 249 4046 1470 4153; baseline 0.007 -28"><span class='ocrx_word' id='word_1_297' title='bbox 249 4046 257 4095; x_wconf 73' lang='lat'>⁵</span> <span class='ocrx_word' id='word_1_298' title='bbox 312 4055 380 4129; x_wconf 87' lang='lat' dir='ltr'>tius</span> <span class='ocrx_word' id='word_1_299' title='bbox 393 4052 538 4149; x_wconf 81' lang='lat' dir='ltr'>exequi,</span> <span class='ocrx_word' id='word_1_300' title='bbox 563 4048 651 4133; x_wconf 88' lang='lat' dir='ltr'>nihil</span> <span class='ocrx_word' id='word_1_301' title='bbox 664 4050 810 4133; x_wconf 76' lang='lat' dir='ltr'>adunet.</span> <span class='ocrx_word' id='word_1_302' title='bbox 1021 4146 1024 4153; x_wconf 89' lang='lat'><em>.</em></span> <span class='ocrx_word' id='word_1_303' title='bbox 1462 4093 1470 4133; x_wconf 75' lang='grc' dir='ltr'><strong><em>ι</em></strong></span> 
     </span>
     <span class='ocr_line' id='line_1_37' title="bbox 862 4150 1471 4267; baseline 0.008 -38"><span class='ocrx_word' id='word_1_304' title='bbox 862 4150 959 4236; x_wconf 85' lang='lat' dir='ltr'>Ssss</span> <span class='ocrx_word' id='word_1_305' title='bbox 1278 4162 1310 4254; x_wconf 68' lang='lat' dir='ltr'>l.</span> <span class='ocrx_word' id='word_1_306' title='bbox 1324 4154 1471 4267; x_wconf 82' lang='lat' dir='ltr'>XXXll.</span> 
     </span>
    </p>
   </div>
   <div class='ocr_carea' id='block_1_3' title="bbox 0 0 1969 5117">
    <p class='ocr_par' dir='ltr' id='par_1_6' title="bbox 0 0 1969 5117">
     <span class='ocr_line' id='line_1_38' title="bbox 0 0 1969 5117; baseline 0 0"><span class='ocrx_word' id='word_1_307' title='bbox 0 0 1969 5117; x_wconf 95' lang='lat' dir='ltr'> </span> 
     </span>
    </p>
   </div>
  </div>
 </body>
</html>
