3900 5117
555 606 624 681 aaa
732 578 1543 689 continuerimus

555 799 616 873 dio
635 792 728 867 harad
747 790 856 885 longe
876 794 1066 859 remotum.
1101 848 1104 859 ,
1130 777 1238 852 laetu
1260 778 1349 849 illus
1369 778 1527 852 condrio
1547 778 1649 853 facile
1672 802 1729 857 er

556 907 764 989 argumento
783 882 1060 967 exhortationis,
1089 877 1134 951 ad
1153 874 1280 948 festum
1307 898 1389 949 cum
1409 878 1576 949 omnibus
1589 878 1726 955 laetitiae

554 990 657 1085 signis
677 980 951 1066 celebrandum,
982 977 1111 1048 clucet.
1160 972 1229 1046 Sed
1248 975 1360 1044 horam
1379 972 1569 1065 deplorate
1594 996 1650 1047 res
1673 998 1719 1050 cx

554 1084 694 1177 reliquis
727 1078 776 1152 l’s.
797 1078 954 1172 partibus
977 1071 1101 1167 sponte
1126 1066 1197 1143 sese
1219 1068 1404 1157 offerunt3
1443 1070 1479 1141 in
1509 1069 1624 1163 specie
1648 1074 1718 1147 huc

554 1180 669 1258 tendit
689 1177 810 1251 ultima
831 1172 1016 1267 pericopa,
1051 1190 1127 1262 quae
1145 1164 1246 1263 spent
1256 1168 1390 1261 praebet
1404 1165 1524 1241 subitae
1540 1168 1721 1247 liberatio·

556 1280 629 1367 nis,
654 1272 764 1349 filcse
778 1271 871 1344 serio
885 1282 1116 1343 convertant.

566 1430 572 1438 .
603 1370 715 1465 §.lV.
740 1369 798 1443 Ad
818 1367 894 1441 haec
914 1364 1056 1438 criteria
1076 1360 1362 1449 laurentianus,
1388 1382 1540 1455 cumque
1554 1364 1716 1441 iishisto·
1863 1452 1866 1463 ¹

554 1472 642 1548 riam
661 1465 884 1541 celeberrimi
903 1464 993 1535 illius
1014 1458 1184 1555 paschatis
1214 1474 1379 1551 ternpore
1400 1458 1551 1533 Hiskiae.
1577 1484 1717 1555 compa-

554 1588 693 1655 remus,
725 1564 787 1637 vix
806 1561 966 1636 dubitare
987 1557 1133 1652 amplius
1154 1554 1370 1650 poterimus,
1401 1557 1486 1649 quin
1508 1556 1559 1632 Pl.
1580 1560 1712 1635 inillud

512 1722 516 1731 .
555 1681 697 1760 tempus
719 1661 912 1735 conveniat
933 1678 1038 1751 quam
1054 1650 1273 1731 exactissime.
1322 1652 1405 1725 Hoc
1418 1654 1513 1729 enirn
1528 1670 1713 1750 ternpore,

554 1784 638 1842 eum
662 1763 754 1836 laeta
780 1779 900 1834 rerum
929 1750 1148 1846 catastrophe
1176 1750 1271 1824 inter
1296 1746 1447 1843 Judaeos
1475 1772 1540 1845 per
1561 1753 1718 1832 Hiskiaur

554 1859 840 1955 conspiceretis,
872 1852 1049 1965 Israelitae
1072 1848 1201 1945 partim
1223 1860 1325 1923 erant
1343 1850 1381 1921 in
1396 1850 1538 1957 erilium
1553 1851 1731 1967 abducti,¹

449 2085 452 2090 >
553 1972 683 2132 ἷῗῖἓιῗ
703 1956 748 2128 ἓξ
768 1955 912 2139 ιῗιῗιῗῖ,
932 1948 1080 2123 effi
1098 1944 1718 2141 {reffpgmffirffierrssfofflnrsstssnf

551 2154 770 2241 invitantur,
785 2141 1161 2222 &adconverfionem
1174 2141 1218 2216 ad
1231 2139 1353 2215 Deum
1367 2140 1531 2233 Parrum,
1556 2143 1648 2221 &ad
1657 2162 1715 2244 pu

544 2244 958 2353 selaunacumJudaeis
971 2240 1239 2336 Hierosolymae
1254 2239 1525 2334 celebrandurn,
1551 2242 1716 2323 acinon

555 2370 647 2429 xxx..
660 2349 915 2435 admonentur,
939 2338 1157 2439 nevelligia
1173 2336 1503 2429 Patruminsrllent,
1528 2338 1716 2438 sedpervi.

478 2523 482 2529 ,
552 2449 685 2519 daciam
707 2447 908 2539 deponant,
931 2438 968 2536 dt
984 2440 1026 2514 ad
1040 2441 1119 2514 veri
1130 2436 1202 2510 Dei
1216 2437 1556 2529 cultram-accedant,
1581 2438 1641 2536 spe
1662 2442 1715 2518 su.

552 2541 647 2617 bitae
660 2542 704 2614 ab
721 2532 1228 2623 hosbibusliberationisfadla,
1253 2532 1330 2609 srid
1342 2538 1493 2633 egerint.
1543 2536 1585 2611 In
1599 2536 1718 2633 specie

551 2639 602 2714 ad·
614 2635 740 2809 ,sufficia
768 2635 1032 2733 Hierosolymis
1053 2635 1274 2724 excitantur,
1307 2634 1403 2727 quod
1426 2648 1528 2710 tanto
1550 2650 1714 2733 tempore

551 2739 653 2832 ubip
705 2732 912 2835 neglestum
936 2750 1033 2827 erat,
1064 2729 1187 2806 acssad
1200 2752 1262 2805 eos
1276 2730 1593 2828 rufini-pertineret:
1632 2735 1713 2809 Nec

550 2832 685 2937 effeblu
704 2856 759 2910 res
778 2837 902 2911 meruit,
958 2822 1063 2908 Licet
1082 2830 1224 2928 plurimi
1243 2830 1294 2925 pii
1314 2834 1405 2928 regis
1430 2832 1564 2907 monita
1586 2828 1712 2925 litaque

549 2932 666 3027 deque
685 2932 895 3019 habuerint,
925 2930 984 3006 alii
1006 2946 1146 3019 tament,
1177 2948 1246 3003 nec
1265 2926 1314 3002 ilh'
1328 2932 1383 3005 exi
1432 2936 1635 3017 enumero,
1660 2940 1708 3005 ea

547 3032 711 3105 tribubus
732 3029 845 3125 Aser,
877 3025 1030 3125 Martofft
1051 3028 1086 3099 dt
1116 3022 1297 3121 Tselulons,
1335 3024 1408 3099 fee
1428 3024 1716 3120 Hierosolymam-

467 3210 469 3217 ,
548 3128 797 3213 contulerunt,
823 3122 998 3198 &festum
1011 3124 1105 3196 laete
1120 3140 1161 3195 ac
1173 3123 1232 3215 pie
1247 3142 1328 3195 cum
1343 3121 1484 3218 Judaeis
1498 3140 1659 3224 egerunt

596 3227 629 3312 ς.
646 3221 693 3298 V.
717 3219 872 3294 Psalmus
887 3221 1026 3313 itaque,
1057 3231 1099 3293 ut
1119 3216 1163 3291 de
1174 3214 1270 3314 scopo
1295 3220 1369 3314 ejus
1388 3224 1502 3299 verbo
1515 3244 1709 3315 moneam,

547 3336 594 3389 eo
616 3314 801 3391 manifeste
819 3312 1008 3406 collineat,
1033 3328 1078 3391 ut.
1087 3312 1262 3391 israelitae
1278 3320 1477 3398 excitentur
1489 3322 1533 3396 ad
1547 3324 1630 3397 veri·
1638 3320 1710 3397 Dei

546 3412 683 3490 Israelis
701 3412 736 3485 dt
754 3410 864 3507 Judae
887 3412 1025 3487 cultum
1044 3412 1311 3507 resumendum,
1349 3416 1490 3513 seseque
1512 3418 1643 3494 sincere
1663 3416 1708 3492 ad

547 3529 640 3594 eum
653 3510 960 3602 convertendum,
992 3530 1108 3605 eoque
1128 3508 1196 3587 fini·
1210 3510 1339 3590 festum
1360 3508 1529 3590 Paschatis
1553 3516 1706 3612 cumJu·

547 3609 642 3687 daeis
663 3611 756 3684 laete
779 3607 1056 3700 celebrandum,
1086 3608 1247 3685 additas
1264 3632 1284 3683 e
1302 3612 1517 3687 liberationis
1536 3617 1581 3690 ab
1602 3612 1712 3691 hosti·

547 3709 639 3796 bus,
663 3710 827 3803 aquibus
847 3709 1120 3803 premebantur,
1144 3706 1219 3782 fiid
1231 3634 1449 3806 ssrioagana
1499 3708 1618 3811 Quem
1633 3708 1709 3789 sru-

546 3802 642 3880 stum
665 3818 708 3880 ut
724 3805 973 3903 adsequeretur
993 3806 1163 3893 psalmus,
1185 3804 1281 3877 inter
1299 3800 1392 3903 sacra
1409 3809 1447 3883 in
1465 3806 1623 3903 Templo
1645 3808 1711 3885 sub

543 3899 650 3976 dublu
674 3898 919 3980 Praemunitorir
941 3902 1091 3979 muscae
1110 3898 1252 3994 publice
1276 3904 1456 3979 canendus
1475 3920 1569 3981 erat:
1594 3922 1636 3979 ut
1654 3910 1707 3981 in-

539 3997 636 4074 dicat
661 4000 785 4073 titulus
810 3998 981 4093 Praefetlo
1005 3996 1231 4096 Huggittith:
1264 4001 1311 4075 ad·
1327 4024 1433 4096 quem
1453 4002 1541 4077 nihil
1559 4002 1706 4095 habeo,

539 4093 638 4189 quod
660 4094 874 4189 observem,
904 4094 969 4173 niti
995 4116 1064 4193 per
1087 4116 1218 4173 vocem
1243 4096 1370 4174 Girtiu
1387 4100 1708 4272 nulodtalmfivideri

555 4226 563 4247 ¹
607 4229 613 4247 '
1021 4244 1033 4253 ··
1082 4264 1085 4275 .
1358 4221 1362 4229 '
1536 4216 1555 4270 e
1581 4216 1708 4295 gnam,
