3900 5117
502 589 567 647 a»
636 565 820 644 usn
863 567 897 644 u
943 521 1000 643 m.
1072 568 1266 654 anmu.
1417 601 1487 684 517

303 793 362 870 71.
389 766 543 842 Abducit
563 761 667 864 ipsum
681 789 715 840 ,α
731 764 802 863 post
824 765 975 840 latitares
989 767 1031 840 ad
1040 765 1233 863 pascendum
1248 767 1409 868 Jacoium
1424 796 1480 878 pn.

348 885 466 980 pulum
473 876 594 976 suum,
619 873 662 960 &²
679 875 834 949 lsraelem
849 879 1066 951 haereditatem
1074 873 1186 971 suam.

307 1013 364 1092 pa.
390 989 442 1062 Et
460 995 560 1088 pavit
582 1011 631 1061 eos
647 1001 706 1082 pro
726 992 921 1082 integritate
944 993 1047 1061 animi
1060 985 1142 1084 sui,
1176 985 1219 1070 ἐξ
1235 1015 1389 1070 manuum
1400 996 1482 1094 sua.

351 1125 426 1177 rum
435 1095 688 1197 prudentisflma
702 1097 872 1172 ditrutam
884 1120 933 1172 eos
947 1099 1053 1172 ducet.

319 1309 1357 1462 'tuouuuomuun

317 1565 327 1578 .
857 1577 943 1670 §.r
1024 1589 1029 1600 ,

407 1771 634 1860 rgumentum
649 1754 703 1832 Pi.
717 1751 769 1829 est
786 1751 964 1828 enarratio
979 1751 1138 1846 publica,
1164 1753 1208 1827 ab
1222 1751 1342 1828 illustri
1358 1771 1479 1830 orato·

302 1763 408 1957 A
432 1881 471 1934 re
492 1857 672 1945 instituta,
699 1855 838 1927 viarum
860 1850 930 1923 Dei
956 1873 1039 1925 curn
1063 1851 1214 1940 israele,
1239 1852 1365 1945 partim
1388 1870 1476 1929 tem·

299 1979 391 2051 pore
414 1979 522 2031 morae
544 1957 581 2028 in
603 1951 770 2040 deserto,
797 1950 924 2043 partim
949 1948 989 2022 in
1013 1947 1186 2022 Cananaea
1202 1948 1239 2022 in
1255 1951 1372 2042 primis
1388 1967 1474 2026 tem.

293 2074 390 2148 ,porc
413 2052 471 2124 Eli
490 2048 689 2140 Pontificis,
716 2048 842 2142 quibus
866 2045 1039 2138 populum
1062 2047 1232 2122 rebellem
1249 2045 1473 2143 singularibus

300 2147 434 2223 adfecit
456 2145 672 2237 beneficiis,
698 2146 758 2222 diu
779 2145 967 2230 toleravit,
1002 2156 1039 2216 et
1062 2143 1165 2218 variis
1190 2141 1472 2240 castigationibus

297 2243 345 2322 in·
365 2247 529 2322 ordinem
553 2247 713 2344 redigere
745 2256 895 2318 conatus
917 2238 998 2326 est,
1032 2239 1172 2316 tandem
1197 2239 1387 2338 gravillime
1409 2265 1474 2336 pu·

295 2343 411 2434 nivis,
453 2343 724 2440 &repudiavic3
763 2340 811 2412 ita
833 2352 955 2412 tamen
975 2353 1017 2410 ut
1036 2339 1211 2432 populum
1230 2361 1304 2415 non
1332 2355 1471 2415 tantum

294 2461 374 2517 non
393 2441 591 2528 deleverit,
618 2438 678 2510 sed
698 2437 732 2509 dt
754 2434 904 2534 gloriose
927 2432 1193 2526 instauraverit,
1220 2453 1336 2531 patres
1352 2439 1389 2511 in
1404 2436 1469 2511 Ca·

296 2557 456 2612 nanaeam
487 2533 778 2624 introducendo,
816 2529 1046 2610 &Israelem
1070 2533 1237 2629 deinceps
1258 2559 1321 2631 per
1342 2535 1468 2630 Judum

296 2631 332 2704 dt
353 2630 530 2705 Davidem
546 2632 749 2720 liberando,
775 2652 815 2706 ac
830 2627 1005 2706 firmando
1019 2631 1055 2705 in
1068 2647 1298 2726 perpetuum:
1328 2655 1467 2708 enarra·

295 2727 351 2802 tio
370 2749 461 2804 vero
486 2751 533 2802 eo
546 2727 656 2822 scopo
678 2727 787 2821 fasta,
812 2743 948 2802 utrum
969 2726 1149 2821 Ephraimi
1167 2728 1334 2820 rejeiti0,
1359 2732 1397 2804 in
1417 2730 1467 2802 fa-

292 2823 357 2898 tali
370 2825 433 2899 illo
455 2823 534 2900 casu
557 2825 618 2900 sub
636 2825 690 2899 Eli
702 2830 774 2920 jam
788 2823 942 2920 depicta,
967 2823 1119 2918 indeque
1135 2841 1215 2898 orta
1226 2825 1326 2917 Judae
1341 2824 1465 2898 eletlio

289 2920 330 2996 in
351 2920 469 2999 sedem
485 2925 585 3024 regni
606 2946 648 2999 ac
661 2923 862 3022 religionis,
887 2942 928 2996 ac
943 2919 1091 2996 Davidis
1105 2915 1465 3012 exolutio‚jullifica-

287 3033 421 3107 retur,
449 3043 490 3095 ac
516 3045 538 3094 a
564 3025 701 3116 populo
720 3023 998 3116 adprobaretur,
1031 3035 1102 3094 tum
1122 3019 1256 3115 populo
1278 3017 1325 3092 ob
1341 3018 1463 3092 oculos

290 3137 358 3214 per
387 3115 454 3188 hos
485 3116 582 3190 casus
602 3121 842 3216 enigmaticos
865 3120 899 3192 &
919 3118 1058 3214 typicos
1084 3131 1312 3212 poneretur,
1352 3117 1462 3191 totius

292 3214 382 3308 reip.
405 3210 440 3282 &
460 3209 624 3284 Eccleliae
638 3217 783 3288 carnalis
797 3214 1009 3305 destrutiio,
1036 3215 1168 3312 &cum
1183 3237 1280 3291 nova
1293 3215 1354 3290 sub
1369 3215 1464 3289 Mes-

264 3369 267 3374 .
290 3311 358 3400 fia,
382 3305 458 3382 filio
478 3305 645 3394 Davidis,
672 3309 823 3404 gloriosa
845 3314 1099 3405 commutatio,
1124 3337 1200 3408 quae
1215 3329 1385 3388 aeternum
1403 3312 1465 3387 du·

289 3421 398 3483 raret.
448 3402 602 3477 Divinus
616 3419 757 3491 orator,
783 3407 843 3498 qui
857 3407 913 3480 hic
929 3411 1168 3486 introducitur
1181 3413 1348 3503 loquens,
1381 3432 1463 3484 cum

293 3503 469 3602 populum
491 3501 534 3575 ad
561 3521 662 3574 aures
683 3499 805 3574 faciles
828 3524 869 3575 ac
891 3503 1050 3579 adtentus
1072 3508 1133 3582 sibi
1154 3507 1355 3601 praebendas
1370 3507 1462 3604 exci-

295 3601 417 3690 taffct,
444 3599 478 3673 &
501 3598 709 3674 narrationis
730 3596 798 3673 suae
819 3620 946 3675 verum
962 3601 1205 3694 compedium,
1228 3605 1357 3694 q'uippe
1372 3602 1460 3676 frmi-
1499 3601 1503 3606 “

294 3699 463 3774 litudines
484 3697 519 3770 dr
537 3697 721 3795 aenigmata
738 3698 882 3789 antiqua
894 3699 1124 3787 elocuturus,
1151 3697 1361 3788 tradidillet‚
1387 3701 1459 3774 vias

297 3793 370 3868 Dei
390 3816 473 3870 curn
494 3794 629 3888 populo
650 3796 689 3869 in
709 3793 850 3869 deserto
869 3795 1081 3888 &tempore
1097 3795 1153 3867 Eli
1170 3794 1364 3871 summatim
1379 3819 1459 3890 pro-

298 3892 422 3985 ponit,
442 3897 568 3985 priores
586 3907 705 3967 tamen
727 3893 923 3966 involutius
945 3893 980 3965 dt
1001 3891 1108 3988 magis
1122 3890 1290 3964 indiretie
1309 3915 1373 3986 per
1386 3917 1461 3968 mo-

301 3985 387 4060 dum
398 3987 686 4079 introductionis,
702 3992 774 4084 quo
790 4013 858 4083 qua
873 3991 1011 4064 ratione
1028 3989 1126 4062 Deus
1142 4011 1266 4062 cavere
1282 3991 1459 4082 volucrit,

302 4105 350 4168 ne
365 4079 498 4182 posteri
516 4089 688 4186 majorum
707 4090 895 4264 rebeliiffm
917 4088 955 4162 in
975 4086 1113 4168 deserto
1128 4090 1330 4185 exemplum
1352 4090 1464 4166 imita·

305 4243 308 4250 .
882 4201 918 4262 tt
941 4209 962 4285 3
1388 4209 1466 4266 ren.
