3900 5117
452 570 517 629 ao
592 546 620 623 P
667 544 690 623 S
736 544 773 623 A
819 545 852 622 L
898 544 952 622 M.
985 552 988 559 '
1026 544 1186 630 LXXX:
1212 576 1295 649 3,4,
1368 553 1443 650 609

279 749 482 922 ΙΙΙ
508 738 1445 918 llll‘'uslllluullllllulllll·

281 864 766 1046 qctllrgiscsalcgg‘ysulyslcule’utiffima
779 888 830 1047 es}
844 934 955 1047 deseri
980 940 1032 1049 ῑίρ
1041 864 1060 1028 ἲ
1080 865 1131 1013 aeg
1137 900 1233 1017 hunc
1241 860 1448 1019 010ιὲὲὲῃὶῗί

262 1035 603 1131 ,εοωωοάαῑίίῐίωι
648 1030 820 1106 Annocht
834 1048 930 1107 emm
1000 1036 1134 1127 rphanis
1148 1051 1310 1134 tempore
1325 1038 1368 1114 ab
1382 1040 1448 1115 ho·

282 1136 391 1212 stibus
411 1127 718 1226 undiqueobseffi,
743 1129 872 1224 partim
886 1132 1085 1205 carceribus
1099 1132 1239 1223 inclusi,
1264 1136 1446 1231 partimin

239 1312 243 1319 ,
282 1235 445 1309 cavernis
464 1227 685 1325 &speluncis
700 1226 970 1316 delitescentes,
998 1248 1121 1303 omnes
1135 1230 1333 1325 gravissimis
1350 1232 1450 1307 malis
1529 1282 1531 1287 .

271 1335 345 1423 ¹seu
358 1328 521 1426 periculis
533 1322 656 1421 prelii,
680 1320 901 1415 &hostium
914 1324 1210 1417 quemadmodum
1227 1326 1382 1406 ferarum
1395 1330 1449 1404 in·

282 1430 427 1507 sultibus
447 1438 557 1513 oves,
588 1420 717 1496 insidiis
729 1419 951 1515 undiquaque
967 1418 1135 1515 expositi,
1161 1424 1222 1519 qui
1237 1437 1354 1501 tutum
1367 1448 1450 1503 nus·

281 1548 388 1625 quam
408 1525 541 1599 habent
562 1519 762 1616 refugium,
794 1516 862 1591 &c
887 1517 1018 1593 merito
1032 1532 1198 1613 tanquam
1210 1521 1248 1597 in
1265 1520 1449 1618 angustiis,

281 1623 387 1723 positi
408 1620 467 1694 hic
488 1615 791 1713 representantur.
849 1612 937 1689 Erat
955 1616 1079 1710 utique
1102 1644 1162 1693 ms
1176 1646 1217 1706 ns
1249 1632 1372 1714 tempos
1387 1619 1450 1695 ‘au
1482 1656 1486 1669 ·

282 1718 422 1821 gestie,
446 1716 539 1792 Dan.
555 1736 619 1789 rur:
640 1730 672 1788 r.
685 1711 796 1809 Quod
808 1708 860 1785 Ps.
876 1732 1003 1787 cxvm:
1020 1734 1069 1804 5,
1094 1715 1154 1809 qui
1167 1714 1211 1817 ad
1224 1715 1347 1791 eadem
1361 1732 1462 1793 tem--

281 1838 371 1918 pora
389 1816 508 1915 primo
524 1810 624 1888 sensu
637 1809 815 1905 pertinet,
842 1830 863 1882 e
905 1811 984 1909 egie
998 1810 1173 1904 indicant,
1196 1833 1305 1907 quum
1318 1813 1452 1888 laetidi-

282 1913 390 1993 cunt:
424 1938 463 1988 ex
484 1908 646 2009 angustiis
667 1910 826 1981 invocavi
880 1910 941 1979 ao.-
973 1911 1136 2007 respondit
1158 1914 1237 1984 mili
1250 1916 1286 1986 iu
1300 1912 1451 1985 latitudi-

284 2036 379 2100 nem,
401 2008 474 2107 (sc.
490 2028 547 2083 me
560 2003 767 2095 educendo,
815 1999 912 2102 Jab!
936 2027 1015 2100 quae
1029 2003 1210 2101 potestatis
1222 2006 1335 2083 nostri
1347 2006 1453 2083 verbi

284 2108 428 2207 egregia
441 2103 492 2179 est
505 2101 704 2200 explicatio.
791 2100 865 2174 uod
878 2100 974 2179 enim
987 2104 1037 2177 ibi
1048 2101 1083 2178 se
1096 2104 1241 2201 adeptos
1256 2105 1346 2203 grati
1364 2127 1455 2181 con·

286 2205 457 2294 litentur,
489 2202 545 2277 hic
567 2200 739 2297 supplices
758 2198 973 2293 implorant,
1000 2200 1153 2294 scilicet,
1178 2218 1218 2279 ut
1237 2202 1335 2279 Deus
1352 2224 1398 2277 ex
1411 2201 1451 2275 il·
1485 2228 1489 2235 ·
1601 2205 1605 2219 ’

283 2306 328 2379 lis
357 2298 540 2399 angustiis,
568 2301 695 2397 quibus
714 2310 853 2373 unnim
877 2298 974 2392 quod
994 2300 1308 2399 opprimebantur,
1388 2322 1476 2395 pu·.

285 2400 362 2474 lum
383 2400 569 2485 liberaret,
600 2398 639 2472 in
656 2395 857 2470 libertatem
877 2394 1064 2489 assereret,
1093 2398 1130 2474 ἃ
1153 2400 1191 2477 io
1209 2398 1317 2495 ampli
1353 2400 1454 2475 mum

287 2498 381 2593 pacis
400 2492 702 2571 &benedictionis
713 2514 877 2587 campum
886 2516 978 2589 ,quo
992 2494 1095 2572 bonis
1103 2495 1269 2593 promiffis
1278 2496 1452 2573 abundan-

285 2610 347 2669 ter
366 2592 438 2667 frui
457 2591 614 2687 possent,
653 2590 850 2667 transferat.
898 2592 1211 2693 Quemadmodum
1234 2616 1299 2691 per
1311 2595 1461 2669 Macca·

286 2694 387 2767 baeos
404 2688 587 2764 consecuti
606 2688 697 2766 sunt.
746 2688 925 2765 Ceterum
945 2691 1041 2766 hunc
1067 2694 1260 2789 genuinum
1289 2692 1361 2767 loci
1382 2688 1452 2765 else

283 2786 522 2877 intellectum,
554 2787 657 2883 supra
670 2784 945 2861 demonstratum
959 2787 1020 2862 est.
1071 2788 1209 2885 Quibus
1222 2788 1300 2860 addi
1314 2786 1452 2879 potest,

269 2884 421 2985 solocem
435 2887 492 2960 hic
506 2886 672 2985 intelligi,
699 2906 776 2979 que
789 2902 871 2956 cum
885 2884 1040 2958 excitato
1054 2882 1126 2955 Dei
1138 2887 1266 2955 bachio
1286 2899 1453 2974 tanquam

287 2983 388 3057 causa
409 2982 470 3059 sua
489 2985 651 3081 proxime
672 2982 840 3057 cohaeret.
891 2976 984 3055 Cum
1005 2993 1124 3055 autem
1144 2982 1268 3053 berbi
1282 2978 1453 3054 extensio-

264 3147 266 3152 .
288 3098 373 3151 nem
386 3082 430 3150 ad
442 3081 680 3156 israelitarum
693 3078 941 3154 liberationem
956 3078 1155 3173 apotentia
1175 3074 1398 3172 Assyriorum
1418 3075 1454 3150 dt

288 3172 459 3265 babylon.
484 3176 556 3265 ipse
577 3176 750 3267 Cocceius
770 3176 923 3267 reserat,
957 3198 1062 3271 quam
1082 3178 1277 3274 incongrue
1289 3170 1455 3271 spirituo-

289 3272 333 3345 lis
347 3266 478 3343 Melliae
492 3270 580 3340 salus
593 3270 651 3341 hic
664 3271 930 3366 indigitaretur,
955 3274 1092 3350 nemini
1106 3287 1305 3368 nonpatet.

339 3372 373 3459 §.
388 3364 481 3439 XXl.
507 3364 610 3467 Hanc
629 3363 725 3436 suam
737 3366 983 3449 liberationem
996 3374 1032 3447 in
1047 3372 1118 3449 Dei
1130 3377 1276 3469 potentio
1289 3369 1456 3462 &fauore

290 3467 396 3540 unice
422 3460 494 3534 elie
521 3459 621 3535 fitam
641 3457 885 3555 confitentur,
921 3492 1029 3559 quare
1053 3468 1225 3564 supplices
1241 3483 1389 3562 petunt,
1415 3481 1456 3541 ut

290 3561 393 3637 Deus
406 3558 658 3634 fortitudinem
671 3556 766 3631 suam
782 3580 902 3635 coram
918 3564 1112 3657 Ephraimo
1122 3563 1454 3656 ,Manasse,&Ben-

289 3662 372 3755 jam.
388 3657 579 3745 excitaret,
603 3654 636 3735 bx
652 3654 782 3730 Herois
798 3656 906 3729 instar
913 3660 961 3730 ‘ad
974 3662 1146 3755 populum
1161 3660 1367 3735 servandum
1383 3684 1457 3761 gra·

291 3758 446 3842 dicetur,
471 3768 511 3827 ut
525 3750 595 3825 sese
611 3753 748 3847 populo
762 3753 905 3842 reddat,
932 3755 1132 3850 faciemque
1147 3756 1241 3831 suam
1263 3758 1384 3831 lucere
1405 3758 1455 3835 sa·

293 3856 387 3926 ciat:
418 3876 440 3924 a
461 3850 586 3944 quibus
606 3850 729 3924 mediis
749 3851 998 3934 liberationem
1022 3850 1118 3926 suam
1140 3852 1209 3925 elle
1230 3854 1456 3935 derivandam

293 3948 475 4024 infinumt.
514 3946 613 4021 Deus
628 3952 720 4022 veri.
738 3971 772 4043 3.
797 3966 963 4040 tanquam
980 3951 1098 4028 Herus
1111 3948 1371 4043 introducitur,
1397 3958 1458 4047 qui

297 4083 301 4091 ·
859 4048 989 4126 Hhhh
1312 4050 1455 4131 fortitu·-

286 4182 289 4188 .
332 4157 465 4245 σούς.
488 4158 591 4232 Hebr.
613 4161 638 4229 l.
664 4176 694 4225 1.
717 4178 751 4245 p.
777 4160 828 4224 18.
917 4192 927 4227 κ
1355 4178 1358 4187 ’
1478 4164 1482 4173 ’
