3900 5117
433 556 494 613 eo
570 532 596 604 P
643 531 666 609 S
715 531 749 603 A
796 530 834 604 L·
876 531 930 607 M.
1003 534 1180 615 LXXXV:
1210 560 1266 617 12.
1362 546 1428 619 821

265 742 341 809 celo
368 728 600 827 prospeilabr'tr
632 746 737 818 quarn
756 726 902 803 illustrat
925 730 1041 806 similis
1073 735 1167 827 apud
1184 735 1251 828 Jes.
1281 748 1366 811 xtv:
1396 744 1428 813 8.

256 832 386 925 stillare
409 832 476 900 culi
488 824 649 919 superne,
683 819 725 902 Εἰ
747 826 843 893 nubes
863 836 970 898 rennes
984 846 1116 903 manent
1125 832 1278 926 justitia:
1304 843 1430 929 aperiet

254 927 405 1025 ferrera
429 963 550 979 --
576 918 618 1002 &⁹
636 922 763 1013 parlier
787 914 935 1011 Pllfeml
955 944 1083 1011 germen
1093 927 1245 1021 justitie.
1298 952 1332 1021 5.
1358 933 1429 1004 De-

264 1027 373 1119 nique
390 1023 541 1096 virtutes
558 1018 631 1091 illas
646 1012 865 1087 illustriffimo
879 1012 983 1105 plane
997 1020 1125 1103 modo,
1139 1026 1202 1117 qui·
1213 1026 1251 1101 in
1267 1030 1432 1120 omnium
1562 1034 1565 1037 ’

265 1124 391 1199 oculos
413 1120 633 1199 incurreret,
658 1112 695 1183 in
707 1112 844 1204 populo
858 1108 928 1181 Dei
943 1112 1136 1184 exerendas
1151 1122 1237 1211 effa,
1270 1124 1319 1197 ita
1333 1142 1374 1199 ut
1387 1128 1431 1199 ab

263 1220 431 1295 omnibus
454 1204 733 1305 quaquaversum
754 1205 1064 1303 conspicerentur,
1096 1223 1134 1281 et
1147 1212 1429 1298 celebrarentur,

267 1314 371 1389 instar
385 1306 611 1405 phaenomeni
629 1304 773 1395 alicujus
788 1302 947 1377 coelestis.

267 1398 272 1490 ζ
316 1404 507 1501 §.XLVlL
538 1453 540 1461 r
567 1431 595 1477 a.
621 1400 805 1477 Secundus
819 1399 1070 1493 sensus,paulo
1083 1399 1285 1493 specialior,
1303 1428 1346 1479 ex
1357 1437 1429 1502 em,
1541 1436 1551 1447 ι

225 1570 227 1575 ,
265 1506 458 1583 blematico
481 1506 548 1573 reli
572 1514 609 1595 et
631 1513 724 1571 terra
745 1494 934 1590 conspeetu
949 1498 1085 1571 oritur:
1112 1498 1306 1574 secundum
1325 1526 1430 1595 quem

260 1609 400 1701 populus
422 1600 513 1697 gerit
534 1613 648 1684 terre,
680 1609 724 1667 et
744 1614 932 1687 proceres,
954 1592 1027 1681 ,seu
1041 1594 1230 1689 praefecti,
1258 1603 1337 1671 coeli
1352 1601 1435 1675 ima-

265 1703 405 1797 ginem3
440 1710 557 1789 aptam
579 1692 657 1765 satis
680 1709 718 1765 et
738 1690 921 1765 intellestu
941 1689 1102 1781 facilem,
1127 1692 1198 1766 live
1212 1693 1257 1767 ad
1267 1701 1380 1791 prpuli
1395 1715 1433 1783 et

193 1787 214 1809 ²
264 1798 423 1869 restorem
438 1790 701 1890 conditionem,
725 1788 816 1862 illius
828 1788 1058 1877 inferiorern,
1072 1792 1202 1877 horum
1210 1790 1435 1886 ‘superiorem

266 1907 306 1984 et
329 1890 576 1972 excelsiorem,
601 1884 673 1957 sive
689 1884 733 1957 ad
742 1878 967 1979 prefeiterum
982 1886 1227 1982 etsubrlitorum
1242 1892 1434 1965 relationes

266 2012 312 2065 ac
331 1986 465 2073 officia,
492 1983 618 2075 quibus
639 1982 690 2063 illi
712 1982 750 2055 in
773 1984 948 2076 populum
962 1984 1135 2074 influunt,
1160 2008 1242 2062 eum
1256 1987 1433 2085 dirigunt,

265 2102 306 2180 et
328 2084 439 2159 multa
460 2083 555 2155 bona
577 2078 791 2167 conferunt,
824 2077 968 2173 speiles.
1017 2080 1120 2179 Quae
1134 2082 1236 2156 latius
1249 2107 1324 2158 non
1339 2085 1434 2174 exse÷

266 2204 369 2277 quor.
421 2179 503 2253 Hoc
525 2173 740 2270 conspeetu,
772 2176 831 2268 qui
852 2178 891 2250 in
912 2176 1092 2271 Scriptura
1110 2178 1262 2254 usitatus
1289 2182 1367 2272 est„
1393 2200 1435 2259 ut

265 2258 335 2374 les.
358 2300 454 2352 xxiv:
478 2297 535 2351 21.
562 2273 650 2371 Hag.
674 2295 715 2348 11:
739 2276 772 2348 6.
796 2270 864 2366 Jel.
887 2294 1047 2361 txv217.
1071 2292 1110 2349 et
1121 2278 1224 2367 alibi,
1250 2285 1433 2357 vernaret

264 2376 400 2473 justitia
424 2387 504 2467 apte
519 2370 772 2445 distribuuntur
785 2370 878 2445 inter
890 2372 1021 2444 reiteres
1035 2388 1074 2446 et
1087 2378 1196 2465 cives,
1221 2390 1260 2449 et
1273 2378 1434 2453 omnium

266 2472 421 2567 civitatis
442 2492 483 2544 ac
504 2467 678 2566 Eccleliae
700 2470 942 2543 membrorum
964 2470 1152 2545 laudabiles
1166 2471 1381 2551 adfeiliones
1395 2488 1434 2548 et

267 2568 424 2665 ailiones
445 2565 775 2661 comprehendunt,
809 2588 897 2659 quae
922 2566 1105 2645 civitatem
1126 2582 1164 2643 et
1177 2569 1368 2646 Eccleliam
1381 2570 1435 2643 fe:

266 2668 375 2759 licem
391 2662 545 2739 reddunt
560 2680 597 2737 et
610 2684 826 2756 prosperam.
874 2662 984 2762 Quod
997 2689 1072 2741 non
1087 2664 1189 2741 estin
1204 2666 1433 2764 difficili-post-

266 2775 358 2840 tum.
408 2760 578 2837 Ceterum
598 2760 733 2833 renarra
757 2760 845 2832 haee
863 2759 1017 2851 justitia,
1049 2763 1129 2834 alias
1152 2762 1364 2851 distributiva
1384 2766 1433 2836 di-

156 2858 160 2868 ’
269 2862 342 2954 pla,
395 2880 428 2934 1.
453 2855 620 2954 aptiffima
649 2854 761 2951 plaasr
793 2855 837 2943 de
864 2859 944 2927 coelo
961 2854 1106 2951 spritare
1126 2856 1275 2947 dicitur,
1314 2875 1433 2951 quate.

269 2960 337 3033 nus'
361 2958 405 3029 ad
425 2955 648 3031 subditorum
669 2956 781 3030 vitam
796 2950 839 3029 'et
852 2952 1003 3028 actiones
1017 2954 1195 3043 adtendit,
1219 2957 1433 3043 auctoritate

266 3053 329 3129 sua
354 3052 461 3127 fovet
492 3070 534 3127 et.
551 3068 701 3141 tuetur,
739 3074 952 3144 omnemque
977 3051 1184 3144 injustitiam
1210 3054 1371 3146 reprimit
1393 3069 1432 3128 et
1503 3138 1506 3143 ,

268 3150 442 3237 uindicat.
490 3150 549 3223 Sic
570 3150 613 3221 de
634 3150 722 3222 Deo
738 3149 934 3244 inspectore
954 3165 993 3223 et
1013 3150 1132 3241 judice
1148 3156 1350 3244 ulurpatur,
1376 3149 1431 3225 Ps.

268 3267 394 3323 xxxrv.
445 3266 479 3320 a.
505 3245 597 3320 Cum
618 3244 798 3338 superiore
820 3250 982 3322 membro
997 3247 1116 3321 versus
1129 3246 1224 3320 relic
1238 3248 1434 3338 cohaeret3

270 3366 354 3419 cunr
374 3345 462 3417 haec
481 3340 632 3435 justitiae
654 3342 823 3435 inspeilio
843 3346 997 3418 multum
1020 3346 1224 3435 contribuat
1247 3345 1291 3417 ad
1303 3346 1444 3419 verita«

272 3452 346 3517 tem
360 3456 397 3517 et
410 3444 582 3531 virtutem
595 3438 632 3513 in
647 3439 789 3514 subditis
804 3457 841 3515 et
855 3442 991 3515 civibus
998 3441 1205 3531 fovendam,
1214 3442 1432 3517 educendam

273 3551 312 3609 ct
334 3541 376 3609 ab
398 3540 496 3615 omni
519 3537 645 3627 injuria
665 3536 943 3627 defendendam,
977 3552 1016 3611 et
1036 3538 1107 3613 srne
1128 3547 1308 3612 caverires
1323 3538 1433 3611 velle

274 3634 453 3713 occultare
474 3636 621 3725 debeat,
649 3634 708 3708 vel
728 3636 765 3708 in
778 3634 994 3728 multiplices
1004 3634 1146 3711 fraudes
1165 3652 1347 3726 vertatur,
1371 3647 1435 3711 aut

183 3802 187 3809 ,
275 3728 519 3802 conculcetur.

325 3828 357 3914 ᾗ.
373 3820 535 3896 XLVlIl.
582 3854 607 3898 r.
631 3816 919 3921 specialisfinrum
939 3831 1091 3923 denique
1105 3828 1241 3907 sensum
1256 3834 1340 3909 alius
1355 3788 1438 3929 pain-¹

277 3921 330 3995 dit
338 3936 441 3995 terrae
456 3934 486 3991 et
503 3924 570 3993 coeli
585 3925 808 4017 conl'peilus,
835 3952 905 4021 quo
920 3944 1009 4002 terra
1028 3928 1307 4020 dehominibus,
1330 3949 1369 4007 et
1382 3950 1438 4004 cn:

279 4024 347 4099 lum
367 4018 410 4091 de
432 4016 514 4133 Deo
534 4017 761 4117 intelligitur,
786 4025 981 4217 seffirffillur}
992 4024 1246 4119 ufitatislimum
1270 4028 1442 4207 1Ἑὲἕὲιὲ
