3900 5117
465 616 544 679 'du
615 580 980 675 PSALM.
1042 582 1226 672 titubo.
1370 606 1437 699 223

276 826 351 886 ram
369 802 477 893 Deo,
501 808 567 885 ut,
591 796 676 870 licet
694 793 810 871 hostes
830 790 909 870 suos
930 810 1006 871 non
1017 789 1165 882 luserit,
1186 806 1250 867 rut
1262 792 1437 877 rationem

277 908 313 985 se
334 892 568 999 persequendi
590 893 632 965 iis
651 893 806 983 dederit,
837 888 871 967 sc
890 908 1011 967 tamen
1033 912 1156 965 coram
1175 887 1259 965 Deo
1278 890 1353 965 'non
1367 891 1436 968 else
1475 943 1478 951 -

278 1002 433 1102 purum,
458 992 554 1065 simul
569 1006 609 1065 ut
624 990 700 1061 vias
717 988 807 1079 Dei,
829 986 1112 1083 persecutionem
1125 987 1216 1061 hanc
1229 991 1437 1085 permitten-
1489 1071 1492 1077 ,

276 1104 345 1189 tis,
369 1086 590 1190 justificaret,
614 1084 812 1160 humillime
841 1082 1091 1173 confiteretur,
1124 1084 1331 1160 &rationes
1351 1086 1439 1163 cala·

277 1178 607 1273 miunsredderet,
632 1180 723 1257 vers.
741 1182 776 1256 6.
800 1180 915 1255 Deus!
943 1198 981 1255 tu
993 1180 1076 1277 nosti
1091 1176 1226 1279 truffam
1241 1204 1344 1255 meum
1352 1182 1441 1331 llus·

275 1298 410 1377 titium,
433 1306 490 1358 uec
518 1296 629 1356 reatus
649 1282 713 1352 mu·
734 1292 765 1351 te
785 1279 954 1354 latemuh.
968 1298 1003 1354 e.
1048 1278 1219 1367 Sicuttu,
1245 1278 1362 1354 Deus.
1381 1278 1440 1357 cui
1523 1283 1528 1294 '

274 1387 396 1465 omnia
415 1400 496 1457 mea
516 1378 669 1475 cogitata
690 1372 726 1448 dt
746 1396 857 1469 opera
878 1374 973 1449 nuda
993 1374 1070 1451 sunt
1090 1374 1125 1447 ἀ
1145 1374 1286 1475 apertu,
1324 1378 1439 1471 probe

277 1482 392 1573 nosti,
407 1500 465 1554 me
480 1476 549 1551 fine
564 1472 667 1549 causa
680 1472 725 1547 ab
736 1468 894 1546 hostibus
908 1472 997 1547 meis
1009 1472 1227 1569 oppugnari,
1242 1472 1278 1545 dc
1290 1491 1309 1546 a
1323 1474 1439 1550 crimi-

272 1583 398 1670 nibus,
420 1574 507 1652 mihi
528 1570 695 1669 inpactis,
727 1588 855 1663 purum
871 1560 961 1661 else;
986 1568 1034 1643 ita
1051 1570 1164 1662 probe
1181 1568 1366 1668 cognitum
1379 1569 1438 1646 ha·

275 1682 359 1769 bes,
384 1694 460 1768 quae
484 1690 565 1747 mea
585 1666 627 1742 stt
647 1664 815 1755 stultitia,
848 1686 913 1761 per
929 1686 1032 1759 quam
1046 1667 1083 1737 in
1095 1662 1187 1739 bunc
1202 1662 1437 1745 calamitatem

272 1758 400 1861 incidi,
426 1772 555 1865 quique
577 1770 642 1839 um·
664 1776 797 1853 reatus,
829 1779 982 1855 quorum
1000 1760 1101 1835 causa
1120 1763 1196 1833 haec
1215 1760 1328 1835 adhuc
1347 1764 1438 1839 mult

270 1862 404 1969 patiar,
430 1864 521 1940 'usto
544 1878 607 1939 tuo
623 1860 764 1955 judicio
782 1860 823 1936 iit
846 1858 1014 1947 traditio,
1060 1856 1218 1931 trilonue
1233 1856 1290 1931 alii
1304 1858 1383 1935 sunt
1397 1874 1438 1935 ac

274 1973 401 2065 quibus
421 1892 541 2037 sones
562 1958 716 2055 permoti
738 1954 818 2033 sunt
838 1954 882 2029 ad
901 1976 958 2031 me
973 1880 1266 2070 perseqoenlmn
1314 1954 1436 2033 Verba

274 2066 457 2161 duplicem
481 2058 613 2132 habent
632 2052 879 2150 conspetlum,
912 2056 998 2126 alter
1019 2052 1063 2126 ad
1083 2068 1323 2128 innocentum
1342 2053 1437 2132 suam

273 2154 669 2244 confirmandam,ulur
683 2152 728 2226 ad
741 2170 864 2227 veram
876 2150 1054 2225 rationem
1069 2146 1273 2225 calamitatis
1284 2150 1437 2245 punden

274 2259 378 2348 dam,
402 2252 532 2333 tendit:
558 2252 618 2349 qui
634 2264 785 2345 uterque
798 2246 868 2323 huc
883 2240 1051 2343 aptissime
1063 2246 1229 2343 quadrat,
1245 2246 1279 2321 dc
1293 2262 1438 2329 omnem

274 2356 468 2433 uerborum
485 2346 753 2447 amplitudinem
768 2349 806 2424 in
817 2346 898 2421 luce
913 2346 1079 2421 collocat.
1118 2340 1227 2445 Quod
1242 2344 1287 2419 ud
1295 2352 1438 2445 priorem

262 2452 431 2541 edomet,
454 2472 537 2525 cum
558 2446 670 2525 modo
690 2447 850 2535 dixerat,
872 2440 908 2517 se
932 2442 1037 2543 glutis
1050 2444 1096 2519 ab
1108 2440 1265 2518 hostibus
1281 2448 1377 2541 peti,
1402 2446 1438 2520 dr·
1565 2457 1567 2460 ’

277 2546 485 2625 calumniose
507 2542 643 2621 censeri
657 2538 746 2616 illud
758 2542 877 2633 luere,
902 2542 1000 2639 quod
1013 2564 1088 2617 non
1102 2538 1172 2616 deli
1197 2556 1315 2634 uerat,
1340 2540 1437 2618 reue·

305 2654 455 2715 revocat
477 2642 521 2713 ad
541 2640 614 2713 Dei
633 2639 843 2730 scientiam,
873 2640 932 2714 cui
952 2636 1168 2716 stuldtiasua
1230 2657 1347 2717 reatus
1360 2656 1436 2719 non

276 2662 458 2833 face-bant,
498 2732 533 2807 δι
553 2732 642 2827 qursr
660 2736 791 2825 iuratus
813 2733 992 2830 adfirmet,
1024 2734 1059 2813 se
1078 2738 1123 2813 ab
1142 2732 1212 2814 istis
1232 2736 1437 2819 ctimiulbtu

271 2832 347 2911 esse
375 2834 593 2923 immunem
633 2830 698 2905 aeli
719 2830 870 2906 diceret:
899 2848 958 2927 tu,
992 2834 1113 2923 Deus,
1151 2836 1209 2910 cui
1228 2836 1343 2911 omnis
1354 2850 1438 2909 meu

269 2921 416 3009 stultitia
434 2930 468 3003 dc
488 2944 607 3005 reatus
624 2942 746 3025 patet,
777 2930 893 3024 probe
912 2924 1025 3021 nosti,
1053 2928 1153 3003 &ad
1173 2944 1212 3005 tc
1231 2930 1337 3003 ausim
1351 2948 1436 3023 prou

269 3026 424 3119 svocare,
448 3026 544 3103 inter
561 3046 603 3101 ea
624 3044 703 3102 mea
726 3023 831 3103 stulta
854 3027 888 3101 dc
910 3047 1021 3125 prave
1038 3023 1199 3104 facinora
1217 3024 1306 3104 nibil
1326 3022 1439 3102 simile

270 3124 420 3220 reperiri
441 3122 506 3199 dcc.
567 3120 646 3198 Hac
665 3122 805 3213 ratione
828 3124 939 3201 verba
961 3127 1009 3202 ed·
1024 3126 1267 3203 innocentiam
1287 3123 1384 3202 suem
1397 3127 1436 3206 in·

271 3220 443 3318 praesente
455 3218 539 3295 casu
548 3216 698 3311 additu,
707 3218 770 3296 seu
784 3219 945 3317 respestu
961 3220 1150 3301 criminum
1164 3226 1207 3299 ab
1215 3222 1371 3301 hostibus
1382 3226 1436 3301 in·

274 3316 480 3415 pallorum,
505 3314 780 3394 confirmandum
799 3318 1004 3398 collineant.
1053 3323 1143 3415 Sed,
1167 3337 1248 3399 eum
1268 3322 1436 3399 nonina

273 3412 413 3511 pliciter
428 3414 545 3501 dicat,
569 3408 651 3488 Deo
665 3414 778 3509 probe
792 3418 978 3519 cognitum
994 3412 1083 3516 effe,
1107 3416 1262 3521 scgmtb
1277 3420 1360 3494 odio
1376 3419 1438 3493 be
1469 3438 1475 3447 ’

274 3514 368 3605 beri,
394 3512 431 3587 dt
451 3508 664 3587 calumniose
686 3510 821 3589 traduci
841 3514 886 3588 ab
901 3512 1078 3608 hostibus,
1103 3536 1231 3596 rerum
1245 3514 1433 3616 Deum·

267 3604 475 3700 ssrrltr‘tium,
490 3602 630 3704 suntque
648 3622 760 3680 ceatur
775 3612 862 3685 nihil
876 3616 992 3691 ninus
1006 3632 1108 3711 quum
1125 3614 1254 3706 latere,
1277 3617 1337 3689 sed
1349 3632 1431 3705 pro·

274 3706 320 3779 bc
342 3702 585 3792 innotescere,
617 3703 764 3780 dubium
784 3726 856 3784 non
877 3708 949 3803 est,
983 3714 1068 3808 quin
1088 3713 1165 3810 pius
1184 3710 1363 3797 intendat,
1396 3706 1431 3782 dt

264 3795 421 3895 flutuuu
448 3826 491 3879 ac
510 3817 659 3877 reatuum
683 3822 804 3881 cotum
816 3802 898 3883 Deo
914 3802 1429 3905 quoqueconseffionentedat.

274 3896 362 4001 Quo
385 3891 554 3983 consessio
569 3900 637 3975 uto
654 3904 872 3981 communius
886 3900 1041 4001 sperlatc
1054 3904 1196 3999 nequit,
1217 3918 1258 3975 ae
1273 3904 1319 3977 ad
1330 3912 1430 3977 rariu-

273 3990 751 4175 utrnttultlue
766 3997 1253 4179 ”bibllfflinillll
1268 3998 1431 4101 diffis-

302 4182 306 4192 .
494 4119 552 4191 ep
749 4122 796 4195 Pe
898 4120 919 4175 e
969 4122 1017 4193 ¹³2
1192 4153 1201 4172 ·
1338 4191 1419 4276 XIX
