3900 5117
404 563 461 616 au
535 539 562 612 P
609 537 637 612 S
681 536 718 612 A
764 533 796 610 L
843 533 897 609 M.
953 535 1149 634 Lxxvru:
1176 565 1238 635 32,
1253 568 1311 643 33.
1375 571 1445 653 549

266 738 354 822 ,nisu
380 735 425 810 ad
452 747 637 821 mortem3
673 731 729 804 uti·
753 729 899 806 subinde
922 727 1082 806 sumitur.
1114 733 1200 809 Vidc
1217 735 1300 829 Jud.
1325 763 1359 816 v:
1383 763 1440 836 22.

273 836 346 931 Jcs.
357 859 394 908 rt:
409 856 443 922 4.
460 834 496 904 δι
510 829 625 927 alibi).

323 927 523 1023 §XXXIL
570 957 595 1000 a
621 923 770 1026 Qpr'rrrm
782 923 949 998 articulus
962 948 1098 1002 nouam
1110 929 1274 1004 continet
1287 953 1441 1006 murmu-

274 1029 451 1103 rationem
471 1020 720 1120 graviffimam,
748 1044 830 1094 mox
847 1019 1021 1110 secutam,
1048 1047 1123 1116 qum
1140 1029 1299 1102 omniurn
1315 1051 1441 1102 necem

225 1186 229 1196 .
273 1125 315 1198 in
328 1122 474 1198 deserto
491 1118 657 1212 produxit
675 1121 723 1192 ab
735 1141 830 1191 antro
844 1121 953 1191 atatis
970 1140 1066 1192 aomo
1081 1121 1114 1192 ἃ
1130 1121 1248 1215 supra,
1276 1123 1363 1197 vers.
1380 1145 1440 1218 32,

184 1295 191 1309 ,
276 1241 335 1314 33.
365 1220 465 1292 Omni
490 1220 544 1289 boc
571 1213 725 1305 exiliente
745 1216 847 1286 adbuc
890 1229 1064 1302 errarunt,
1097 1241 1152 1289 nec
1177 1225 1347 1292 miraculis
1372 1223 1441 1315 rjus

272 1318 497 1390 crediderunt:
518 1326 569 1399 et,
595 1311 655 1382 vel
668 1335 785 1406 quare,
811 1314 849 1381 ab
865 1308 980 1402 umflr,
996 1309 1100 1400 instar
1112 1320 1265 1408 vaporis,
1281 1319 1345 1388 dies
1362 1316 1441 1411 ipsa·
1537 1317 1541 1324 ”

272 1437 375 1501 rum,
409 1407 453 1493 ὃ
480 1431 580 1482 annor
602 1405 741 1503 ipsorum
771 1411 809 1478 in
830 1422 949 1478 terrore
968 1413 1207 1503 praecipitante.
1229 1409 1267 1484 h.
1279 1433 1314 1485 e.
1328 1415 1440 1486 omni·-

271 1512 336 1586 bus
360 1505 430 1580 istis
458 1505 609 1602 magnis,
643 1504 678 1576 δι
698 1499 878 1578 beneficiis
896 1503 1087 1596 &poenis,
1111 1505 1437 1600 nonobstantibus,

227 1603 240 1650 ’·
271 1607 402 1681 iterum
417 1602 611 1699 graviffime
629 1615 841 1694 peccarunt,
867 1599 1080 1674 mirabilibus
1095 1599 1167 1674 Dei
1180 1604 1346 1697 operibus
1362 1627 1438 1680 non

271 1701 345 1791 fifi3
368 1701 458 1776 adeo
487 1715 527 1774 ut
555 1697 700 1778 tandem
716 1697 916 1770 decretoria
938 1695 1111 1772 sententia
1132 1722 1255 1774 omnes
1279 1701 1322 1773 ad
1344 1723 1438 1774 rnor-

268 1814 348 1874 aem
370 1798 411 1872 in
429 1795 567 1870 deserto
588 1795 742 1870 damnati
757 1793 849 1882 fint,
876 1792 963 1866 srcut
985 1795 1090 1868 etiarn
1106 1795 1177 1868 dies
1193 1819 1316 1871 eorum
1331 1795 1438 1872 instar

269 1897 415 1990 vaporis
442 1892 591 1968 absumti
611 1892 713 1980 sunt,
735 1889 774 1962 a
790 1890 876 1964 anni
894 1911 1023 1965 eorum
1040 1892 1131 1964 inter
1152 1895 1276 1967 multas
1296 1893 1383 1966 diras
1400 1895 1436 1967 ἃ

269 1991 584 2069 consternationem
648 1987 847 2081 Respicitur
866 1986 909 2059 ad
931 1989 1125 2062 terribilem
1149 1989 1434 2066 rebellionem&

270 2088 609 2173 murmurationem,
634 2084 817 2178 occasrone
832 2084 1084 2178 explorationis
1105 2084 1281 2162 Cananeae
1297 2104 1432 2177 ortam,

271 2187 309 2261 δι
321 2184 532 2260 sententiam
546 2180 899 2268 condemnatoriam,
922 2182 966 2254 ad
981 2197 1134 2256 mortem
1149 2185 1305 2259 omniurn
1322 2185 1358 2258 in
1376 2187 1432 2257 de·

267 2281 367 2358 serto
387 2297 475 2356 tunc
492 2280 722 2374 publicatam,
756 2279 854 2368 cujus
875 2277 912 2350 vi
935 2277 1038 2352 etiarn
1058 2281 1190 2354 mortui
1211 2279 1320 2372 sunt,
1342 2282 1431 2380 adeo

268 2393 336 2467 ut,
353 2376 459 2452 instar
480 2377 640 2471 vaporis,
665 2377 703 2448 &
721 2398 807 2448 cum
817 2373 933 2447 multo
946 2389 1112 2466 terrore,
1129 2391 1288 2470 tempora
1305 2401 1431 2456 eorum
1534 2437 1541 2458 ,

266 2475 404 2549 fuerint
432 2470 540 2547 finita.
572 2473 686 2546 Num.
703 2494 779 2545 ruv.
800 2470 850 2544 Pr.
872 2484 942 2544 xcv
973 2471 1149 2546 &alitis
1178 2471 1286 2573 Quod
1314 2473 1430 2569 paffim
1497 2531 1498 2536 ,
1536 2483 1540 2491 “

263 2572 338 2666 jam
359 2568 453 2643 recte
475 2571 699 2644 observatum
721 2565 784 2642 est.
849 2566 948 2641 Nihil
972 2569 1027 2642 hic
1050 2570 1151 2644 nobis
1172 2571 1332 2649 relitiunr
1357 2572 1427 2662 est,

264 2663 331 2744 nifi
350 2666 420 2742 hoc
434 2689 565 2755 unum,
593 2670 671 2744 *um
690 2672 727 2744 r'n
748 2680 866 2763 uapore
888 2669 1018 2760 turgido
1039 2665 1108 2740 effe
1157 2689 1198 2742 ro
1220 2668 1343 2761 instar,
1369 2691 1427 2743 va-

209 2813 212 2820 ·
262 2763 383 2858 poris,
409 2783 448 2842 ut
467 2761 563 2837 rette
585 2761 729 2857 Aquita.
745 2763 859 2859 Proep.
882 2762 1063 2840 asubinde
1083 2689 1229 2838 infirm
1249 2787 1429 2858 compara·

261 2861 372 2948 tioni,
394 2861 429 2934 &
456 2858 625 2935 idemest
643 2883 689 2936 ac
704 2887 725 2938 2
736 2857 846 2953 suut,
865 2860 952 2933 licet
970 2861 1076 2952 magis<
1097 2859 1355 2949 emphaticum:
1381 2861 1424 2930 de

262 2978 336 3051 quo
354 2957 437 3031 aiibi
455 2957 545 3047 dixi,
571 2972 611 3033 ut
625 2956 716 3032 &ad
732 2955 780 3029 Ps.
798 2977 901 3030 tntu:
916 2978 949 3029 2.
964 2975 1101 3027 Lxxun:
1123 2953 1175 3024 1'0.
1226 2951 1334 3050 Quod
1349 2955 1425 3026 lon·
1503 2997 1509 3008 -

258 3075 305 3155 ge
326 3052 451 3222 rgmim
466 3052 606 3226 alkmuc
621 3054 716 3150 quod
729 3053 841 3151 vulgo
857 3053 971 3128 datur.
1021 3047 1128 3126 Cous.
1139 3057 1282 3144 'quoquc
1299 3049 1350 3128 Pr.
1367 3071 1422 3125 uc:

286 3172 339 3228 .a
377 3170 501 3240 remrp
574 3207 588 3227 ,
860 3175 864 3186 ’
1244 3221 1246 3230 ,

256 3285 262 3293 ·
308 3251 343 3337 §.
357 3241 516 3316 xxxnr.
568 3254 599 3342 ζ.
632 3246 755 3320 Sextus
780 3250 945 3326 articulus
973 3247 1204 3344 repraesentat·
1226 3247 1262 3322 in
1290 3252 1421 3346 genere

156 3413 161 3420 ,
257 3340 517 3437 hypocriticam
539 3337 575 3410 δι
593 3339 819 3418 fluctuantem
841 3348 962 3439 populi
986 3347 1021 3421 in
1045 3347 1184 3432 deserto
1206 3367 1287 3442 erga
1300 3345 1423 3421 Deum

260 3437 517 3522 adfectionem,
543 3455 651 3526 quam
660 3437 701 3506 in
713 3433 828 3527 specie
842 3441 1093 3517 demonstrauit
1109 3459 1203 3517 n'ova
1216 3444 1423 3538 generatio,

261 3562 339 3633 quae
353 3537 390 3609 in
405 3552 535 3613 terram
549 3529 755 3605 Cananaeam
770 3533 820 3606 est
833 3535 1260 3630 introduna,parenribus
1277 3537 1421 3628 quidem

259 3637 297 3713 in
320 3657 366 3708 eo
385 3631 529 3719 melior,
558 3627 653 3722 quod
667 3628 782 3702 minus
794 3647 916 3724 aperte
930 3632 964 3704 &
978 3633 1234 3708 contumaciter
1247 3634 1283 3706 in
1298 3631 1420 3713 Deum

258 3729 469 3814 surrexerit,
483 3747 551 3800 nec
564 3742 683 3799 tamen
698 3723 849 3818 finccra,
867 3750 907 3800 ac
920 3725 1100 3817 constans,
1116 3731 1152 3802 in
1167 3727 1247 3800 Deo
1264 3749 1421 3819 quaren-

262 3830 309 3904 do
327 3827 362 3900 δι
382 3823 551 3900 colendo:
578 3821 665 3898 vers.
688 3843 846 3918 34-37.
869 3848 941 3898 curn
964 3846 1013 3896 eur
1035 3827 1207 3912 occtcieret,
1234 3831 1302 3896 turn
1324 3831 1416 3921 ioue.-

253 3923 465 4018 fir'gaucruat
481 3944 571 4010 eum,
587 3917 631 4003 &
645 3921 809 3993 redierunt
823 3936 853 3995 et
866 3924 966 3994 mutto
985 3943 1076 3993 marm
1091 3913 1305 4015 quest-uerunt
1324 3946 1418 3996 etun:

261 4033 294 4098 at
314 4017 582 4119 recommissum,
606 4013 718 4100 Deum
732 4015 790 4118 effe
804 4043 844 4092 ru
868 4015 1037 4114 cursuum,
1064 4031 1093 4094 et
1107 4015 1217 4100 Deum
1234 4015 1416 4118 altiffirnurn

891 4135 986 4212 zap,
1372 4142 1420 4196 re·
