3900 5117
525 544 590 605 sn
659 522 1026 609 rsnnn.
1098 526 1271 624 tsvr.
1423 552 1470 643 μ

293 726 334 805 in
347 722 498 825 gratiam
511 742 557 816 po
580 721 630 797 uli
641 720 712 797 Dei
726 734 967 819 patratorum,
993 722 1086 801 haud
1100 722 1303 803 ablimilium
1317 728 1472 823 andquis

294 826 365 900 illis
379 821 552 897 miraculo
600 819 882 909 liberationibus,
905 844 1015 916 quum
1029 843 1125 896 mare
1139 822 1323 917 Rubrum,
1338 826 1373 900 δι
1388 826 1472 921 Jor.

295 924 429 997 danem
450 914 662 989 exsiccatum
679 918 892 995 tranfierunt
944 918 1031 1020 Quo
1045 918 1160 1010 fatto,
1183 943 1246 997 eos
1261 923 1305 997 ad
1318 922 1403 1000 Deo
1417 926 1468 1001 ls-

297 1018 399 1095 raelis
420 1011 707 1087 benedicendum
727 1015 863 1106 incitat,
895 1017 1034 1095 ratione
1048 1019 1161 1112 petita
1173 1042 1194 1094 a
1207 1020 1413 1098 miraculosa
1427 1025 1468 1098 li·

295 1113 478 1193 beratione
507 1132 529 1183 a
555 1127 676 1185 morte
706 1109 741 1183 &
768 1114 890 1203 ruina,
924 1116 1060 1211 populo
1079 1116 1151 1191 Dei
1172 1140 1268 1193 nunc
1291 1120 1467 1203 concerta.

291 1209 477 1313 Quando,
511 1207 689 1304 periculi,
729 1207 769 1281 in
792 1232 863 1301 quo
881 1211 1018 1290 fuerant
1042 1214 1168 1309 ipse&
1189 1217 1369 1311 populus,
1406 1219 1467 1293 de-

287 1308 484 1407 scriptione
499 1302 608 1395 faiin,
632 1302 895 1379 &liberatione
909 1326 1114 1402 memorata,
1135 1310 1171 1385 se
1184 1328 1345 1407 paratrun
1358 1314 1468 1409 proli·

290 1423 390 1487 tetur
410 1405 455 1479 ad
478 1402 600 1479 Deum
621 1402 659 1477 in
678 1398 838 1573 Templo
851 1405 997 1496 publice
1010 1411 1275 1501 celebrandum,
1300 1412 1464 1503 devota,

289 1507 329 1585 in
349 1500 515 1601 angustiis
536 1516 733 1595 conrepta,
782 1498 949 1573 olvenda.
1010 1503 1171 1601 Denique
1192 1506 1265 1583 sese
1286 1510 1397 1585 vertit
1417 1511 1465 1587 ad

291 1604 503 1701 lingularem
526 1597 621 1675 suam
643 1596 888 1673 liberationem
910 1598 975 1691 piis
997 1606 1244 1694 enarrandam,
1273 1606 1311 1679 in
1324 1605 1464 1707 fignum

290 1700 432 1799 pietatis
456 1696 544 1786 sua,
570 1694 668 1771 &ad
688 1694 1346 1790 piorumomniumconsolationemin
1359 1704 1464 1781 finili

166 1794 170 1799 ’
292 1798 393 1888 caiu3
416 1795 589 1871 &definit
602 1794 640 1871 in
654 1792 790 1869 solenni
803 1790 1049 1869 benedidtione
1063 1792 1137 1869 Dei
1148 1794 1253 1893 super
1267 1800 1463 1879 exauditio·

291 1918 341 1975 ne
353 1916 501 1991 precum
513 1892 662 1969 suarum.
1072 1975 1077 1985 ,
1551 1934 1555 1941 .

339 1998 373 2085 §.
389 1991 434 2067 Il.
460 1990 515 2065 De
536 1994 636 2085 cujus
656 1993 853 2092 argumenti
872 1989 1088 2087 conspeetu,
1112 1991 1371 2071 characteribus
1384 2016 1464 2089 per.

289 2090 386 2170 sonae
408 2090 600 2185 loquentis,
631 2087 737 2166 liano
757 2092 879 2186 populi
893 2086 1144 2194 actemporis,
1168 2104 1211 2165 ut
1223 2090 1318 2165 rede
1329 2092 1464 2183 judice.

291 2206 370 2279 tur,
396 2186 667 2283 sequentiasunt
688 2188 730 2263 ad
743 2190 899 2265 animum
912 2184 1127 2262 revocanda
1171 2208 1203 2261 1.
1219 2183 1375 2263 Primum
1388 2189 1464 2281 est,

287 2290 495 2383 loquentem
518 2286 587 2360 elle
601 2284 689 2363 licut
700 2287 852 2381 pietate,
878 2287 928 2363 ita
943 2286 1136 2386 dignitate,
1164 2284 1345 2363 illustrem.
1399 2286 1461 2362 De

280 2394 408 2485 piatam
434 2382 539 2463 facile
569 2382 735 2475 constat,
775 2383 834 2459 sed
855 2382 888 2459 &
909 2382 982 2479 ipse
1002 2385 1077 2477 ejus
1099 2380 1270 2459 inditium
1289 2384 1459 2479 profert,

283 2485 375 2559 vers.
399 2488 455 2559 18.
507 2481 673 2580 Dignitas
694 2484 769 2576 ejus
790 2482 852 2555 vel
873 2502 917 2557 ex
940 2502 986 2557 eo
1005 2480 1196 2571 elucescit,
1231 2483 1328 2575 quod
1346 2484 1459 2561 totius

126 2668 130 2673 ¹
332 2583 408 2677 puli
426 2580 750 2679 personam-gerat,
790 2579 825 2654 u
846 2579 921 2673 ejus
941 2580 1088 2655 nomine
1108 2579 1274 2673 loquatur
1292 2578 1329 2655 dt
1348 2596 1458 2680 agata

280 2604 497 2753 ioenefieium
509 2680 642 2773 populo
657 2675 861 2754 conceffum
874 2676 946 2773 ipse
958 2678 997 2753 in
1010 2676 1094 2773 ling.
1107 2698 1207 2753 num.
1233 2676 1319 2753 dicit
1339 2676 1376 2753 se
1398 2702 1458 2757 ee·

286 2771 510 2850 lebraturum
537 2775 579 2840 'm
592 2774 775 2865 Templo,
811 2774 904 2851 vers.
930 2797 989 2871 13,
1017 2796 1072 2867 14.
1123 2796 1158 2852 a.
1185 2774 1368 2853 Secundus
1381 2776 1457 2870 est,

281 2868 417 2962 duplex
438 2860 651 2938 beneficium
667 2862 739 2937 Dei
752 2874 961 2955 memorari,
983 2888 1149 2964 tanquam
1161 2876 1346 2949 materiam
1360 2877 1456 2947 cele·

276 2964 449 3046 brationis
471 2960 569 3050 Dei,
601 2964 769 3048 alterurn,
804 2965 901 3053 quod
924 2986 1007 3039 cum
1026 2968 1163 3061 populo
1181 2968 1335 3045 habebat
1354 2990 1455 3047 com·

277 3084 412 3152 mune,
453 3062 621 3149 aiterum,
659 3057 756 3152 quod
779 3057 842 3152 ipsr
873 3061 1015 3153 privum
1047 3079 1145 3154 erat,
1184 3066 1219 3138 u
1250 3066 1455 3161 adprecor

275 3166 353 3259 eius
367 3162 439 3257 pias
458 3159 495 3233 in
509 3156 620 3253 ipsum
635 3157 815 3233 collatum.
866 3156 973 3249 Cuius
990 3162 1173 3254 utriunque
1187 3160 1357 3239 indicium
1377 3162 1453 3253 est,

209 3254 214 3262 ’
274 3284 352 3341 non
364 3276 503 3337 tannim
518 3258 556 3331 in
570 3278 635 3343 eo,
661 3254 757 3350 quod
769 3254 794 3329 li
808 3276 919 3332 unum
933 3256 968 3330 o
982 3258 1078 3333 idem
1091 3258 1190 3333 foret
1202 3258 1292 3333 vers.
1308 3260 1452 3357 puro.

273 3373 532 3443 memoranda,
547 3354 714 3447 repetitio
729 3352 989 3448 supervacanea
1000 3355 1042 3430 iit
1057 3355 1236 3446 habenda,
1251 3354 1364 3432 sedin
1377 3356 1451 3451 pria
1563 3411 1568 3420 .

273 3459 361 3546 mis,
386 3454 483 3549 quod
501 3450 589 3527 vers.
604 3474 638 3547 9.
653 3452 826 3548 populum
839 3453 899 3527 nbi
912 3454 1100 3552 adjungat,
1117 3457 1155 3530 in
1170 3458 1259 3551 plur.
1275 3456 1450 3548 loquente

272 3556 439 3647 deinceps
453 3574 543 3627 vero
557 3550 647 3626 vers.
668 3554 722 3624 16.
749 3550 793 3625 de
808 3550 842 3625 ie
858 3550 985 3627 soloin
1000 3551 1083 3649 sing.
1098 3554 1273 3649 loquebar.
1305 3574 1339 3642 3.
1366 3547 1448 3621 Tere

274 3659 358 3728 tiam
380 3650 450 3741 est,
490 3648 586 3745 quod
598 3646 730 3743 flotus,
762 3649 857 3723 unde
883 3672 965 3725 curn
979 3650 1114 3747 populo
1128 3653 1326 3725 minatus
1340 3661 1444 3742 erat,

273 3752 385 3828 fuerit
433 3774 465 3823 a.
490 3746 623 3824 summe
651 3746 875 3845 periculosos,
913 3771 934 3823 a
967 3750 1069 3824 ruina
1089 3745 1214 3841 populi
1234 3744 1442 3839 proximus,

274 3849 369 3929 vers.
395 3850 531 3935 8-1r‚
558 3865 611 3925 ta.
663 3848 693 3920 l.
718 3845 981 3941 rontnnriipsan
1007 3866 1091 3918 cum
1106 3839 1254 3933 publicis
1269 3847 1441 3920 runtdoiis

272 3944 509 4043 eomundus,
535 3942 625 4019 vers.
652 3966 706 4019 rr.
757 3970 785 4019 c.
811 3947 1049 4025 ineluetabilis,
1081 3937 1141 4031 qui
1162 3940 1332 4037 populum
1356 3960 1445 4015 curn

268 4044 346 4148 ipso
358 4047 398 4123 in
412 4040 560 4135 sumnus
574 4044 777 4140 coniecerat
790 4038 981 4139 angrdlias,
1001 4032 1093 4112 veri
1112 4058 1168 4116 rr.
1189 4038 1273 4116 &ab
1287 4031 1454 4211 botilde?
