3900 5117
448 549 548 644 ‘ao
619 555 1210 648 P“SALM.*LXXIV:
1348 538 1497 674 rog
1624 550 1626 553 ’

232 770 388 864 pluat,
417 761 482 836 -alii
507 760 662 836 hostiurn
683 759 791 836 lineas
812 761 970 853 ducunt,
995 764 1055 838 alii
1069 764 1223 859 denique
1243 765 1287 840 ad
1301 772 1423 844 eorde
1534 788 1537 793 “

256 862 398 963 'populo
419 857 641 953 respiciunt,
673 859 734 952 qui
752 857 824 936 sese
846 859 1006 935 hostibus
1028 865 1273 956 opponebant.
1322 865 1437 964 Quos·

142 1008 147 1013 ·
260 980 390 1036 omnes
411 956 537 1031 ordine
559 954 765 1029 recensebo.
814 987 849 1031 a.
875 955 986 1056 Quod
1000 959 1045 1032 ad
1058 961 1253 1054 populum,
1278 985 1425 1056 ejusque

259 1056 391 1131 statum
405 1054 443 1128 in
460 1073 613 1150 genere,
635 1051 771 1126 adtinet
820 1076 854 1127 a.
870 1053 1056 1130 indubium
1069 1056 1141 1144 est,
1166 1059 1341 1152 populum
1356 1058 1426 1158 Ju-

261 1156 366 1228 doeum
385 1151 443 1224 hic
467 1153 506 1225 in
520 1148 659 1224 scenam
672 1148 834 1243 produci.
893 1170 927 1225 1.
952 1149 1063 1319 {gand
1077 1175 1098 1224 a
1112 1152 1196 1226 Deo
1210 1160 1287 1229 otim
1300 1155 1339 1229 in
1356 1159 1425 1229 bae·

262 1249 461 1327 reditariam
486 1244 731 1342 polleffionem
759 1247 938 1322 redemtus
1031 1246 1217 1342 acquifitus
1238 1269 1426 1344 occurrat,

262 1350 360 1441 cujus
389 1365 454 1419 rex
473 1347 517 1418 ab
539 1342 685 1436 antiquo
706 1342 777 1418 fuit
799 1342 928 1432 Deus,
958 1341 1049 1418 vers.
1076 1365 1209 1434 11,12.
1260 1369 1294 1419 a.
1318 1347 1427 1427 Mon-

259 1444 306 1524 tis
334 1442 500 1534 Tlionis,
538 1454 705 1532 tanquam
733 1439 821 1515 sedis
847 1440 947 1529 Dei,
976 1435 1038 1516 fiat
1068 1441 1237 1531 mentio,
1270 1443 1362 1518 vers.
1390 1471 1427 1524 2.
1456 1507 1459 1515 .

108 1563 111 1568 ¹
260 1565 295 1638 3.
310 1539 420 1640 Quod
435 1536 663 1636 standardum
684 1539 727 1611 ab
747 1536 905 1612 hostibus
925 1536 1129 1628 violatum,
1160 1537 1248 1612 vers.
1272 1561 1308 1633 3,
1330 1562 1366 1632 4.
1391 1543 1427 1616 ἀ

258 1640 481 1714 babitaculum
503 1633 657 1712 nominis
680 1633 771 1724 Dei,
803 1656 887 1708 cum
908 1632 1075 1708 omnibus
1095 1655 1161 1728 per
1182 1648 1315 1712 terram
1335 1638 1428 1715 locis

261 1733 449 1834 religiobs,
475 1730 759 1808 comburendum
773 1729 930 1824 dicatu,
956 1728 1048 1804 vers.
1063 1750 1099 1824 7,
1118 1735 1151 1806 8.
1184 1752 1220 1821 4.
1237 1731 1425 1826 Denique,

261 1832 357 1928 quod
378 1829 473 1930 ligna
496 1828 732 1924 &prophetae
748 1827 809 1922 ipli
823 1826 1089 1918 adtribuantur,
1114 1848 1267 1921 quorum
1281 1828 1427 1908 defettu

257 1945 356 2007 nun'c
377 1927 581 2017 laborabat,
613 1923 703 2001 vers.
727 1946 761 2021 9.
811 1928 841 2000 l.
869 1923 949 1997 Nec
974 1923 1061 1999 illud
1084 1947 1105 1998 a
1127 1946 1217 2000 vero
1235 1926 1425 2019 abhorret,

259 2026 435 2125 populum
455 2021 558 2096 fuille
574 2021 646 2097 Dei
658 2022 692 2097 δι
706 2021 793 2120 legis
807 2044 848 2096 ac
863 2021 1043 2118 religionis
1059 2019 1282 2098 studiosum..
1313 2022 1426 2100 Venit

258 2126 359 2199 enirn
380 2119 542 2214 epitheto
565 2126 675 2196 ovium
690 2125 809 2216 pascui
827 2117 919 2208 Dei,
946 2116 1037 2192 vers.
1056 2139 1088 2192 1.
1114 2119 1339 2196 &emblema
1353 2138 1426 2196 tur-

256 2224 350 2296 turis
373 2219 469 2311 ejus,
500 2215 591 2292 vers.
617 2239 694 2314 19.,
726 2215 961 2310 conqueritur
981 2215 1160 2310 praecipue
1180 2217 1225 2291 de
1240 2215 1341 2314 fignis
1357 2217 1425 2295 suis

256 2315 424 2405 sublatis,
456 2314 544 2391 locis
566 2312 672 2389 ,sacris
694 2311 909 2403 combustis,
934 2309 1130 2388 &nomine
1144 2313 1216 2387 Dei
1227 2336 1293 2409 per
1308 2314 1426 2392 hostes
1529 2405 1532 2408 ,

254 2415 523 2510 blasphemat03
549 2411 642 2486 vers.
656 2414 849 2499 6-810‚
870 2411 926 2486 18.
940 2425 1113 2504 preterea
1129 2411 1284 2506 indicat,
1304 2411 1427 2492 Deum

256 2533 337 2587 non
357 2507 455 2601 polle
467 2509 567 2617 ‘adeo
589 2507 692 2609 irasci
713 2508 871 2680 pofinlo,
904 2521 947 2582 ut
965 2529 1049 2586 eurn
1070 2510 1243 2604 repellat,
1275 2509 1366 2587 vers.
1392 2529 1426 2586 1.

258 2631 290 2680 r.
318 2603 363 2678 In
383 2601 499 2696 specle
519 2603 714 2700 notandum
735 2627 755 2678 e
792 2654 805 2694 ,
838 2627 914 2680 non
937 2627 1051 2684 unum
1072 2605 1175 2682 fuine
1190 2609 1229 2683 in
1254 2605 1427 2682 Cananaea

256 2704 334 2778 ¹hoc
355 2713 519 2792 tempore
542 2698 662 2775 locum
685 2699 819 2778 sacrum
840 2703 1123 2796 Hierololymis,
1156 2704 1218 2777 sed
1236 2704 1339 2797 plura
1360 2703 1426 2776 alia

258 2819 328 2894 per
349 2809 461 2871 totam
484 2811 635 2885 terram,
666 2798 756 2874 vers.
784 2802 816 2873 8.
853 2799 888 2874 si
909 2799 938 2872 is
958 2799 1002 2874 srt
1022 2799 1096 2871 loci
1110 2798 1237 2873 sensus.
1288 2801 1319 2870 d.
1343 2799 1427 2873 Nec

255 2893 346 2970 illud
366 2893 616 2992 negligendum
636 2891 706 2988 est,
735 2895 885 2981 ,caruisse
899 2895 1075 2989 populum
1089 2894 1160 2968 hoc
1175 2911 1339 2983 tempore
1351 2906 1427 2987 pro·

245 2995 362 3092 ,pbetir
375 2991 577 3082 ordinariis,
603 2990 799 3089 &proprie
817 2991 935 3083 ditiis,
961 2992 1088 3086 quibus
1101 3006 1206 3066 antea
1218 2985 1355 3084 semper
1370 3005 1444 3087 gar

161 3105 167 3121 ·
191 3091 198 3108 ’
223 3137 235 3156 ¹.
256 3087 348 3164 visus
371 3101 465 3178 erat,
497 3088 588 3164 vers.
615 3113 650 3184 9.
673 3091 842 3186 Denique
892 3117 920 3168 e.
945 3089 1033 3166 milri
1051 3086 1248 3166 observalie
1271 3087 1427 3178 videor,

255 3187 297 3262 in
317 3184 438 3262 rnedio
461 3187 586 3279 populi
608 3183 709 3262 fuilie
726 3188 898 3282 profanos
916 3190 950 3264 u
965 3190 1169 3285 improbos,
1193 3186 1336 3271 foederis
1350 3188 1427 3264 vio·

259 3285 390 3365 latores
415 3281 634 3358 manifestos.
690 3281 777 3384 Quo
801 3286 891 3362 vers.
918 3310 978 3362 20.
1002 3285 1152 3387 digitum
1169 3284 1307 3362 intendi
1326 3299 1427 3359 autu·

126 3439 132 3451 ι
254 3381 455 3470 mavelim,
481 3393 525 3453 ut
544 3378 608 3452 suo
630 3376 713 3452 loco
731 3385 892 3476 patebit:
923 3384 1021 3479 quod
1039 3384 1147 3463 etiam
1160 3405 1229 3477 pro
1243 3379 1434 3479 hypothefi‘
1525 3424 1528 3431 ,

249 3479 367 3556 babet
382 3482 436 3551 ira
449 3475 522 3550 Dei
534 3475 573 3552 in
584 3476 739 3570 poputum
755 3479 905 3578 accensa,
931 3481 1020 3558 vers.
1038 3505 1069 3556 1.

309 3573 417 3666 §.IIL
469 3578 506 3662 β.
532 3569 710 3667 Alflruto,
734 3597 810 3670 quae
835 3578 904 3654 lroc
920 3594 1083 3675 ternpore
1099 3583 1428 3676 populumoppres·

258 3673 327 3763 stt,
362 3695 394 3750 1.
419 3673 579 3748 occurrit
601 3679 767 3767 tanquam
784 3676 946 3770 judicium
960 3677 1032 3752 Dei
1046 3679 1084 3752 in
1098 3680 1292 3772 populum,
1316 3671 1353 3748 dt
1367 3675 1427 3749 irat

265 3769 359 3860 Dei,
380 3773 522 3846 ineunt
542 3769 725 3862 accensae,
750 3771 905 3868 speciem
918 3773 1106 3863 referens,
1131 3771 1223 3845 vers.
1241 3792 1273 3843 1.
1325 3795 1358 3847 2.
1383 3776 1427 3847 ab

263 3867 422 3942 hostibus
444 3868 677 3957 truculentis,
702 3871 737 3968 dt
760 3869 866 3962 Deo,
892 3874 1037 3964 ejusque
1061 3867 1244 3963 religioni,
1265 3867 1428 3958 infestis,

266 3964 447 4058 profetia,
472 3980 512 4040 ut
525 3987 611 4040 mox
627 3967 836 4044 videbimus.
868 3991 902 4058 3.
924 3967 965 4040 ln
978 3964 1170 4040 sanctuario
1184 3963 1256 4038 Dei
1272 3966 1427 4054 violato,

271 4080 314 4133 ac
334 4061 502 4157 spoliato,
533 4064 699 4164 religiosrs
722 4064 1011 4239 fignisFabfolltis,
1044 4061 1429 4238 &idololatriclsstlub·

1364 4173 1431 4240 ltu.
