<?xml version="1.0" encoding="UTF-8"?>
<!DOCTYPE html PUBLIC "-//W3C//DTD XHTML 1.0 Transitional//EN"
    "http://www.w3.org/TR/xhtml1/DTD/xhtml1-transitional.dtd">
<html xmlns="http://www.w3.org/1999/xhtml" xml:lang="en" lang="en">
 <head>
  <title>
</title>
<meta http-equiv="Content-Type" content="text/html;charset=utf-8" />
  <meta name='ocr-system' content='tesseract 3.04.00' />
  <meta name='ocr-capabilities' content='ocr_page ocr_carea ocr_par ocr_line ocrx_word'/>
</head>
<body>
  <div class='ocr_page' id='page_1' title='image "./hermannivenemac02venegoog_0630.png"; bbox 0 0 3900 5117; ppageno 0'>
   <div class='ocr_carea' id='block_1_1' title="bbox 484 526 1612 654">
    <p class='ocr_par' dir='ltr' id='par_1_1' title="bbox 484 526 1612 654">
     <span class='ocr_line' id='line_1_1' title="bbox 484 526 1612 654; baseline 0.01 -27"><span class='ocrx_word' id='word_1_1' title='bbox 484 568 555 627; x_wconf 67' lang='lat' dir='ltr'><strong>aa.</strong></span> <span class='ocrx_word' id='word_1_2' title='bbox 623 537 986 627; x_wconf 77' lang='lat' dir='ltr'><strong>tantm.</strong></span> <span class='ocrx_word' id='word_1_3' title='bbox 1060 546 1277 648; x_wconf 51' lang='grc' dir='ltr'>[κως.</span> <span class='ocrx_word' id='word_1_4' title='bbox 1392 561 1466 654; x_wconf 75' lang='lat'><strong>623.</strong></span> <span class='ocrx_word' id='word_1_5' title='bbox 1610 526 1612 531; x_wconf 82' lang='grc'><strong>’</strong></span> 
     </span>
    </p>
   </div>
   <div class='ocr_carea' id='block_1_2' title="bbox 173 742 1455 843">
    <p class='ocr_par' dir='ltr' id='par_1_2' title="bbox 173 742 1455 843">
     <span class='ocr_line' id='line_1_2' title="bbox 173 742 1455 843; baseline 0.02 -35"><span class='ocrx_word' id='word_1_6' title='bbox 173 770 178 778; x_wconf 92' lang='grc'>·</span> <span class='ocrx_word' id='word_1_7' title='bbox 276 765 449 831; x_wconf 55' lang='lat' dir='ltr'><strong>motum„</strong></span> <span class='ocrx_word' id='word_1_8' title='bbox 480 746 536 821; x_wconf 82' lang='lat' dir='ltr'><strong>Pii</strong></span> <span class='ocrx_word' id='word_1_9' title='bbox 553 742 1247 840; x_wconf 77' lang='lat' dir='ltr'><strong>ctesommamjurrafioiasyristnffitta</strong></span> <span class='ocrx_word' id='word_1_10' title='bbox 1259 757 1455 843; x_wconf 84' lang='lat' dir='ltr'><strong>quereban-</strong></span> 
     </span>
    </p>
   </div>
   <div class='ocr_carea' id='block_1_3' title="bbox 143 842 1454 943">
    <p class='ocr_par' dir='ltr' id='par_1_3' title="bbox 143 842 1454 943">
     <span class='ocr_line' id='line_1_3' title="bbox 143 842 1454 943; baseline 0.014 -32"><span class='ocrx_word' id='word_1_11' title='bbox 143 887 146 889; x_wconf 26' lang='grc' dir='ltr'>ψ</span> <span class='ocrx_word' id='word_1_12' title='bbox 289 868 372 939; x_wconf 72' lang='lat' dir='ltr'><strong>eur,</strong></span> <span class='ocrx_word' id='word_1_13' title='bbox 403 847 438 919; x_wconf 75' lang='lat' dir='ltr'><strong>oc</strong></span> <span class='ocrx_word' id='word_1_14' title='bbox 457 842 716 921; x_wconf 72' lang='lat' dir='ltr'><strong>calamitatibus:</strong></span> <span class='ocrx_word' id='word_1_15' title='bbox 731 844 858 936; x_wconf 75' lang='lat' dir='ltr'><strong>iniuste</strong></span> <span class='ocrx_word' id='word_1_16' title='bbox 881 868 903 918; x_wconf 89' lang='lat' dir='ltr'><strong>a</strong></span> <span class='ocrx_word' id='word_1_17' title='bbox 923 844 1018 938; x_wconf 82' lang='lat' dir='ltr'><strong>Syris</strong></span> <span class='ocrx_word' id='word_1_18' title='bbox 1039 846 1142 920; x_wconf 87' lang='lat' dir='ltr'><strong>illatis</strong></span> <span class='ocrx_word' id='word_1_19' title='bbox 1156 844 1317 943; x_wconf 80' lang='lat' dir='ltr'><strong>presstad</strong></span> <span class='ocrx_word' id='word_1_20' title='bbox 1335 848 1454 929; x_wconf 85' lang='lat' dir='ltr'><strong>Deum</strong></span> 
     </span>
    </p>
   </div>
   <div class='ocr_carea' id='block_1_4' title="bbox 269 940 1455 1817">
    <p class='ocr_par' dir='ltr' id='par_1_4' title="bbox 270 940 1455 1505">
     <span class='ocr_line' id='line_1_4' title="bbox 279 940 1455 1042; baseline 0.002 -21"><span class='ocrx_word' id='word_1_21' title='bbox 279 948 445 1041; x_wconf 83' lang='lat' dir='ltr'><strong>judicem</strong></span> <span class='ocrx_word' id='word_1_22' title='bbox 468 940 714 1038; x_wconf 73' lang='lat' dir='ltr'><strong>confugiunt,</strong></span> <span class='ocrx_word' id='word_1_23' title='bbox 743 940 880 1042; x_wconf 80' lang='lat' dir='ltr'><strong>sueque</strong></span> <span class='ocrx_word' id='word_1_24' title='bbox 904 941 1014 1015; x_wconf 80' lang='lat' dir='ltr'><strong>cause</strong></span> <span class='ocrx_word' id='word_1_25' title='bbox 1035 942 1273 1039; x_wconf 85' lang='lat' dir='ltr'>&#39;patrocinium</span> <span class='ocrx_word' id='word_1_26' title='bbox 1290 968 1311 1019; x_wconf 84' lang='lat' dir='ltr'><strong>e</strong></span> <span class='ocrx_word' id='word_1_27' title='bbox 1329 944 1455 1039; x_wconf 76' lang='lat' dir='ltr'><strong>judice</strong></span> 
     </span>
     <span class='ocr_line' id='line_1_5' title="bbox 275 1036 1452 1139; baseline 0.003 -22"><span class='ocrx_word' id='word_1_28' title='bbox 275 1045 394 1122; x_wconf 83' lang='lat' dir='ltr'><strong>totius</strong></span> <span class='ocrx_word' id='word_1_29' title='bbox 422 1056 524 1114; x_wconf 86' lang='lat' dir='ltr'><strong>terrae</strong></span> <span class='ocrx_word' id='word_1_30' title='bbox 538 1037 710 1135; x_wconf 86' lang='lat' dir='ltr'><strong>supplices</strong></span> <span class='ocrx_word' id='word_1_31' title='bbox 724 1052 870 1134; x_wconf 79' lang='lat' dir='ltr'><strong>petunt.</strong></span> <span class='ocrx_word' id='word_1_32' title='bbox 911 1036 997 1135; x_wconf 88' lang='lat' dir='ltr'><strong>Quo</strong></span> <span class='ocrx_word' id='word_1_33' title='bbox 1013 1039 1087 1133; x_wconf 81' lang='lat' dir='ltr'><strong>ipso</strong></span> <span class='ocrx_word' id='word_1_34' title='bbox 1097 1040 1202 1115; x_wconf 83' lang='lat' dir='ltr'><strong>Deus</strong></span> <span class='ocrx_word' id='word_1_35' title='bbox 1217 1047 1323 1139; x_wconf 83' lang='lat' dir='ltr'><strong>magis</strong></span> <span class='ocrx_word' id='word_1_36' title='bbox 1338 1045 1452 1120; x_wconf 89' lang='lat' dir='ltr'><strong>adhuc</strong></span> 
     </span>
     <span class='ocr_line' id='line_1_6' title="bbox 282 1136 1453 1236; baseline 0.004 -23"><span class='ocrx_word' id='word_1_37' title='bbox 282 1140 328 1214; x_wconf 88' lang='lat' dir='ltr'><strong>ad</strong></span> <span class='ocrx_word' id='word_1_38' title='bbox 350 1158 474 1235; x_wconf 85' lang='lat' dir='ltr'><strong>preces</strong></span> <span class='ocrx_word' id='word_1_39' title='bbox 499 1138 624 1233; x_wconf 82' lang='lat' dir='ltr'><strong>populi</strong></span> <span class='ocrx_word' id='word_1_40' title='bbox 652 1136 886 1211; x_wconf 81' lang='lat' dir='ltr'><strong>exaudiendae</strong></span> <span class='ocrx_word' id='word_1_41' title='bbox 913 1136 1152 1231; x_wconf 78' lang='lat' dir='ltr'>obligabatur.</span> <span class='ocrx_word' id='word_1_42' title='bbox 1196 1138 1316 1236; x_wconf 87' lang='lat' dir='ltr'><strong>Quum</strong></span> <span class='ocrx_word' id='word_1_43' title='bbox 1337 1146 1453 1231; x_wconf 88' lang='lat' dir='ltr'><strong>enirn,</strong></span> 
     </span>
     <span class='ocr_line' id='line_1_7' title="bbox 274 1229 1454 1330; baseline 0.005 -21"><span class='ocrx_word' id='word_1_44' title='bbox 274 1233 449 1330; x_wconf 81' lang='lat' dir='ltr'><strong>tauquam</strong></span> <span class='ocrx_word' id='word_1_45' title='bbox 465 1235 567 1329; x_wconf 83' lang='lat' dir='ltr'><strong>judex</strong></span> <span class='ocrx_word' id='word_1_46' title='bbox 583 1229 715 1326; x_wconf 73' lang='lat' dir='ltr'><strong>justus,</strong></span> <span class='ocrx_word' id='word_1_47' title='bbox 746 1236 790 1308; x_wconf 89' lang='lat' dir='ltr'><strong>ab</strong></span> <span class='ocrx_word' id='word_1_48' title='bbox 810 1230 937 1327; x_wconf 86' lang='lat' dir='ltr'><strong>injusta</strong></span> <span class='ocrx_word' id='word_1_49' title='bbox 963 1232 1188 1328; x_wconf 79' lang='lat' dir='ltr'><strong>oppreslione</strong></span> <span class='ocrx_word' id='word_1_50' title='bbox 1210 1238 1454 1315; x_wconf 79' lang='lat' dir='ltr'>vindicaverat</span> 
     </span>
     <span class='ocr_line' id='line_1_8' title="bbox 270 1328 1448 1505; baseline 0.012 -108"><span class='ocrx_word' id='word_1_51' title='bbox 270 1335 479 1505; x_wconf 52' lang='lat' dir='ltr'><strong>Sopulum,</strong></span> <span class='ocrx_word' id='word_1_52' title='bbox 492 1353 540 1405; x_wconf 91' lang='lat' dir='ltr'><strong>eo</strong></span> <span class='ocrx_word' id='word_1_53' title='bbox 553 1332 662 1427; x_wconf 83' lang='lat' dir='ltr'><strong>magis</strong></span> <span class='ocrx_word' id='word_1_54' title='bbox 675 1345 842 1426; x_wconf 82' lang='lat' dir='ltr'><strong>tanquam</strong></span> <span class='ocrx_word' id='word_1_55' title='bbox 853 1332 929 1423; x_wconf 87' lang='lat' dir='ltr'><strong>ejus</strong></span> <span class='ocrx_word' id='word_1_56' title='bbox 941 1328 1043 1405; x_wconf 88' lang='lat' dir='ltr'><strong>Deus</strong></span> <span class='ocrx_word' id='word_1_57' title='bbox 1059 1328 1296 1409; x_wconf 84' lang='lat' dir='ltr'><strong>&amp;foederatus</strong></span> <span class='ocrx_word' id='word_1_58' title='bbox 1310 1339 1448 1433; x_wconf 83' lang='lat' dir='ltr'><strong>eripete</strong></span> 
     </span>
    </p>

    <p class='ocr_par' dir='ltr' id='par_1_5' title="bbox 269 1430 1451 1817">
     <span class='ocr_line' id='line_1_9' title="bbox 304 1430 1444 1505; baseline 0.002 -2"><span class='ocrx_word' id='word_1_59' title='bbox 304 1433 447 1505; x_wconf 83' lang='lat' dir='ltr'><strong>ebebat.</strong></span> <span class='ocrx_word' id='word_1_60' title='bbox 925 1475 927 1479; x_wconf 33' lang='lat' dir='ltr'>v</span> <span class='ocrx_word' id='word_1_61' title='bbox 1441 1430 1444 1437; x_wconf 83' lang='lat'>&#39;</span> 
     </span>
     <span class='ocr_line' id='line_1_10' title="bbox 269 1524 1451 1629; baseline 0.009 -30"><span class='ocrx_word' id='word_1_62' title='bbox 269 1580 276 1587; x_wconf 81' lang='lat'><strong><em>.</em></strong></span> <span class='ocrx_word' id='word_1_63' title='bbox 325 1532 358 1619; x_wconf 83' lang='lat'><strong>§.</strong></span> <span class='ocrx_word' id='word_1_64' title='bbox 373 1524 1451 1629; x_wconf 66' lang='lat' dir='ltr'><strong>lssllllV.Ultina&#39;amdeniquerationern,quaprecesurgent,¹</strong></span> 
     </span>
     <span class='ocr_line' id='line_1_11' title="bbox 270 1623 1450 1714; baseline 0.003 -14"><span class='ocrx_word' id='word_1_65' title='bbox 270 1648 298 1700; x_wconf 77' lang='lat' dir='ltr'><strong>a</strong></span> <span class='ocrx_word' id='word_1_66' title='bbox 310 1626 470 1697; x_wconf 78' lang='lat' dir='ltr'><strong>diuturna</strong></span> <span class='ocrx_word' id='word_1_67' title='bbox 484 1626 680 1700; x_wconf 77' lang='lat' dir='ltr'><strong>calamitate</strong></span> <span class='ocrx_word' id='word_1_68' title='bbox 697 1623 958 1713; x_wconf 84' lang='lat' dir='ltr'><strong>desumunt,de</strong></span> <span class='ocrx_word' id='word_1_69' title='bbox 973 1624 1070 1714; x_wconf 89' lang='lat' dir='ltr'><strong>cujus</strong></span> <span class='ocrx_word' id='word_1_70' title='bbox 1086 1625 1251 1699; x_wconf 84' lang='lat' dir='ltr'><strong>diuturna</strong></span> <span class='ocrx_word' id='word_1_71' title='bbox 1260 1626 1450 1703; x_wconf 82' lang='lat' dir='ltr'><strong>duratione</strong></span> 
     </span>
     <span class='ocr_line' id='line_1_12' title="bbox 271 1721 1449 1817; baseline -0.001 -21"><span class='ocrx_word' id='word_1_72' title='bbox 271 1737 403 1797; x_wconf 88' lang='lat' dir='ltr'><strong>contra</strong></span> <span class='ocrx_word' id='word_1_73' title='bbox 430 1742 556 1796; x_wconf 88' lang='lat' dir='ltr'><strong>omnes</strong></span> <span class='ocrx_word' id='word_1_74' title='bbox 576 1723 698 1817; x_wconf 89' lang='lat' dir='ltr'><strong>populi</strong></span> <span class='ocrx_word' id='word_1_75' title='bbox 718 1742 843 1817; x_wconf 87' lang='lat' dir='ltr'>preces</span> <span class='ocrx_word' id='word_1_76' title='bbox 869 1721 1045 1814; x_wconf 81' lang='lat' dir='ltr'><strong>precipue</strong></span> <span class='ocrx_word' id='word_1_77' title='bbox 1067 1722 1127 1793; x_wconf 87' lang='lat' dir='ltr'><strong>hic</strong></span> <span class='ocrx_word' id='word_1_78' title='bbox 1146 1740 1449 1816; x_wconf 80' lang='lat' dir='ltr'><strong>conqueruntur,</strong></span> 
     </span>
    </p>
   </div>
   <div class='ocr_carea' id='block_1_5' title="bbox 274 1810 1723 1915">
    <p class='ocr_par' dir='ltr' id='par_1_6' title="bbox 274 1810 1723 1915">
     <span class='ocr_line' id='line_1_13' title="bbox 274 1810 1723 1915; baseline 0.003 -23"><span class='ocrx_word' id='word_1_79' title='bbox 274 1840 357 1893; x_wconf 83' lang='lat' dir='ltr'><strong>curn</strong></span> <span class='ocrx_word' id='word_1_80' title='bbox 386 1819 531 1906; x_wconf 77' lang='lat' dir='ltr'><strong>dicauit,</strong></span> <span class='ocrx_word' id='word_1_81' title='bbox 553 1841 651 1915; x_wconf 77' lang='lat' dir='ltr'><strong>usque</strong></span> <span class='ocrx_word' id='word_1_82' title='bbox 672 1842 731 1915; x_wconf 77' lang='lat' dir='ltr'><strong>quo</strong></span> <span class='ocrx_word' id='word_1_83' title='bbox 745 1817 898 1911; x_wconf 77' lang='lat' dir='ltr'><strong>fumos?</strong></span> <span class='ocrx_word' id='word_1_84' title='bbox 928 1816 975 1889; x_wconf 89' lang='lat' dir='ltr'><strong>lic</strong></span> <span class='ocrx_word' id='word_1_85' title='bbox 996 1817 1181 1895; x_wconf 76' lang='lat' dir='ltr'><strong>Pitxxrx:</strong></span> <span class='ocrx_word' id='word_1_86' title='bbox 1197 1840 1232 1910; x_wconf 84' lang='lat'><strong>5.</strong></span> <span class='ocrx_word' id='word_1_87' title='bbox 1257 1822 1301 1893; x_wconf 91' lang='lat' dir='ltr'><strong>de</strong></span> <span class='ocrx_word' id='word_1_88' title='bbox 1319 1822 1446 1896; x_wconf 86' lang='lat' dir='ltr'><strong>eadem</strong></span> <span class='ocrx_word' id='word_1_89' title='bbox 1571 1829 1575 1835; x_wconf 82' lang='grc'><strong>’</strong></span> <span class='ocrx_word' id='word_1_90' title='bbox 1720 1810 1723 1815; x_wconf 67' lang='grc'><strong>’</strong></span> 
     </span>
    </p>
   </div>
   <div class='ocr_carea' id='block_1_6' title="bbox 259 1912 1536 2889">
    <p class='ocr_par' dir='ltr' id='par_1_7' title="bbox 259 1912 1536 2700">
     <span class='ocr_line' id='line_1_14' title="bbox 272 1912 1491 2013; baseline 0.002 -22"><span class='ocrx_word' id='word_1_91' title='bbox 272 1915 480 1991; x_wconf 71' lang='lat' dir='ltr'><strong>attritione:</strong></span> <span class='ocrx_word' id='word_1_92' title='bbox 509 1939 609 2013; x_wconf 80' lang='lat' dir='ltr'><strong>usque</strong></span> <span class='ocrx_word' id='word_1_93' title='bbox 630 1940 688 2012; x_wconf 78' lang='lat' dir='ltr'><strong>quo</strong></span> <span class='ocrx_word' id='word_1_94' title='bbox 709 1913 863 2013; x_wconf 81' lang='lat' dir='ltr'><strong>Jehovah</strong></span> <span class='ocrx_word' id='word_1_95' title='bbox 883 1912 1058 2010; x_wconf 68' lang='lat' dir='ltr'><strong>irasceris?</strong></span> <span class='ocrx_word' id='word_1_96' title='bbox 1092 1922 1168 1992; x_wconf 70' lang='lat' dir='ltr'><strong>orii</strong></span> <span class='ocrx_word' id='word_1_97' title='bbox 1199 1919 1234 1991; x_wconf 92' lang='lat' dir='ltr'><strong>h.</strong></span> <span class='ocrx_word' id='word_1_98' title='bbox 1259 1939 1291 1992; x_wconf 88' lang='lat' dir='ltr'><strong>e.</strong></span> <span class='ocrx_word' id='word_1_99' title='bbox 1313 1924 1442 2013; x_wconf 86' lang='lat' dir='ltr'><strong>purum</strong></span> <span class='ocrx_word' id='word_1_100' title='bbox 1485 1938 1491 1945; x_wconf 86' lang='lat'>·</span> 
     </span>
     <span class='ocr_line' id='line_1_15' title="bbox 268 2011 1439 2109; baseline 0.003 -24"><span class='ocrx_word' id='word_1_101' title='bbox 268 2029 426 2109; x_wconf 85' lang='lat' dir='ltr'><strong>putum,</strong></span> <span class='ocrx_word' id='word_1_102' title='bbox 463 2011 535 2087; x_wconf 85' lang='lat' dir='ltr'><strong>line</strong></span> <span class='ocrx_word' id='word_1_103' title='bbox 556 2012 805 2089; x_wconf 79' lang='lat' dir='ltr'><strong>misericordiae</strong></span> <span class='ocrx_word' id='word_1_104' title='bbox 826 2012 1145 2106; x_wconf 66' lang='lat' dir='ltr'><strong>temperamento?</strong></span> <span class='ocrx_word' id='word_1_105' title='bbox 1177 2012 1213 2087; x_wconf 86' lang='lat' dir='ltr'><strong>id</strong></span> <span class='ocrx_word' id='word_1_106' title='bbox 1240 2016 1334 2090; x_wconf 86' lang='lat' dir='ltr'><strong>enirn</strong></span> <span class='ocrx_word' id='word_1_107' title='bbox 1367 2038 1439 2093; x_wconf 78' lang='lat' dir='ltr'><strong>vox</strong></span> 
     </span>
     <span class='ocr_line' id='line_1_16' title="bbox 268 2108 1442 2211; baseline 0.004 -28"><span class='ocrx_word' id='word_1_108' title='bbox 268 2134 332 2183; x_wconf 76' lang='lat' dir='ltr'><strong>om</strong></span> <span class='ocrx_word' id='word_1_109' title='bbox 360 2130 405 2182; x_wconf 83' lang='lat' dir='ltr'><strong>ex</strong></span> <span class='ocrx_word' id='word_1_110' title='bbox 437 2110 645 2209; x_wconf 82' lang='lat' dir='ltr'><strong>primigenia</strong></span> <span class='ocrx_word' id='word_1_111' title='bbox 679 2108 854 2205; x_wconf 86' lang='lat' dir='ltr'><strong>potestate</strong></span> <span class='ocrx_word' id='word_1_112' title='bbox 890 2111 1173 2205; x_wconf 85' lang='lat' dir='ltr'><strong>comprehendit.</strong></span> <span class='ocrx_word' id='word_1_113' title='bbox 1207 2177 1214 2187; x_wconf 90' lang='lat'><em>.</em></span> <span class='ocrx_word' id='word_1_114' title='bbox 1248 2108 1357 2211; x_wconf 76' lang='lat' dir='ltr'><strong>Quod</strong></span> <span class='ocrx_word' id='word_1_115' title='bbox 1385 2112 1442 2188; x_wconf 73' lang='lat' dir='ltr'><strong>Ps.</strong></span> 
     </span>
     <span class='ocr_line' id='line_1_17' title="bbox 267 2208 1433 2305; baseline 0.003 -27"><span class='ocrx_word' id='word_1_116' title='bbox 267 2223 392 2280; x_wconf 77' lang='lat' dir='ltr'><strong>tamv:</strong></span> <span class='ocrx_word' id='word_1_117' title='bbox 417 2228 472 2280; x_wconf 84' lang='lat'><strong>10.</strong></span> <span class='ocrx_word' id='word_1_118' title='bbox 497 2208 564 2282; x_wconf 87' lang='lat' dir='ltr'><strong>hac</strong></span> <span class='ocrx_word' id='word_1_119' title='bbox 582 2209 720 2284; x_wconf 86' lang='lat' dir='ltr'><strong>ratione</strong></span> <span class='ocrx_word' id='word_1_120' title='bbox 741 2208 961 2303; x_wconf 82' lang='lat' dir='ltr'><strong>exprimunt:</strong></span> <span class='ocrx_word' id='word_1_121' title='bbox 992 2230 1089 2304; x_wconf 78' lang='lat' dir='ltr'><strong>usque</strong></span> <span class='ocrx_word' id='word_1_122' title='bbox 1107 2212 1433 2305; x_wconf 62' lang='lat' dir='ltr'><strong>menandrianos,</strong></span> 
     </span>
     <span class='ocr_line' id='line_1_18' title="bbox 264 2300 1443 2403; baseline 0.003 -26"><span class='ocrx_word' id='word_1_123' title='bbox 264 2300 383 2395; x_wconf 85' lang='lat' dir='ltr'><strong>Deus,</strong></span> <span class='ocrx_word' id='word_1_124' title='bbox 416 2305 566 2401; x_wconf 77' lang='lat' dir='ltr'><em>conjiciet</em></span> <span class='ocrx_word' id='word_1_125' title='bbox 584 2304 708 2400; x_wconf 73' lang='lat' dir='ltr'><strong>iestis?</strong></span> <span class='ocrx_word' id='word_1_126' title='bbox 731 2304 866 2403; x_wconf 79' lang='lat' dir='ltr'><strong>spernet</strong></span> <span class='ocrx_word' id='word_1_127' title='bbox 887 2308 1042 2379; x_wconf 83' lang='lat' dir='ltr'><strong>inimicus</strong></span> <span class='ocrx_word' id='word_1_128' title='bbox 1062 2328 1174 2379; x_wconf 78' lang='lat' dir='ltr'><strong>acmen</strong></span> <span class='ocrx_word' id='word_1_129' title='bbox 1202 2311 1327 2383; x_wconf 78' lang='lat' dir='ltr'><strong>roura?</strong></span> <span class='ocrx_word' id='word_1_130' title='bbox 1359 2314 1443 2383; x_wconf 71' lang='lat' dir='ltr'><strong>orri-</strong></span> 
     </span>
     <span class='ocr_line' id='line_1_19' title="bbox 259 2401 1435 2498; baseline 0.005 -25"><span class='ocrx_word' id='word_1_131' title='bbox 259 2404 357 2497; x_wconf 81' lang='lat' dir='ltr'><em>plene</em></span> <span class='ocrx_word' id='word_1_132' title='bbox 371 2401 602 2496; x_wconf 72' lang='lat' dir='ltr'><strong>&amp;perfetiei</strong></span> <span class='ocrx_word' id='word_1_133' title='bbox 625 2405 734 2478; x_wconf 88' lang='lat' dir='ltr'><strong>lic-ib.</strong></span> <span class='ocrx_word' id='word_1_134' title='bbox 750 2402 840 2478; x_wconf 87' lang='lat' dir='ltr'><strong>vers.</strong></span> <span class='ocrx_word' id='word_1_135' title='bbox 857 2424 912 2498; x_wconf 88' lang='lat'><strong>19.</strong></span> <span class='ocrx_word' id='word_1_136' title='bbox 937 2428 977 2477; x_wconf 81' lang='lat' dir='ltr'><strong>ne</strong></span> <span class='ocrx_word' id='word_1_137' title='bbox 994 2406 1201 2480; x_wconf 75' lang='lat' dir='ltr'><strong>obliviscaris</strong></span> <span class='ocrx_word' id='word_1_138' title='bbox 1214 2411 1435 2495; x_wconf 60' lang='lat' dir='ltr'><strong>interemunt,</strong></span> 
     </span>
     <span class='ocr_line' id='line_1_20' title="bbox 261 2497 1536 2595; baseline 0.007 -25"><span class='ocrx_word' id='word_1_139' title='bbox 261 2497 327 2570; x_wconf 77' lang='lat' dir='ltr'><strong>vel</strong></span> <span class='ocrx_word' id='word_1_140' title='bbox 341 2499 493 2592; x_wconf 89' lang='lat' dir='ltr'><strong>penitus.</strong></span> <span class='ocrx_word' id='word_1_141' title='bbox 543 2500 756 2594; x_wconf 82' lang='lat' dir='ltr'><strong>Hypothelis</strong></span> <span class='ocrx_word' id='word_1_142' title='bbox 776 2502 879 2594; x_wconf 80' lang='lat' dir='ltr'><strong>hujtu</strong></span> <span class='ocrx_word' id='word_1_143' title='bbox 896 2501 1047 2595; x_wconf 80' lang='lat' dir='ltr'><strong>querele</strong></span> <span class='ocrx_word' id='word_1_144' title='bbox 1064 2502 1100 2575; x_wconf 90' lang='lat' dir='ltr'><strong>in</strong></span> <span class='ocrx_word' id='word_1_145' title='bbox 1116 2502 1223 2576; x_wconf 87' lang='lat' dir='ltr'><strong>nimia</strong></span> <span class='ocrx_word' id='word_1_146' title='bbox 1240 2502 1434 2578; x_wconf 69' lang='lat' dir='ltr'><strong>afflietionis</strong></span> <span class='ocrx_word' id='word_1_147' title='bbox 1532 2552 1536 2558; x_wconf 96' lang='lat'><em>-</em></span> 
     </span>
     <span class='ocr_line' id='line_1_21' title="bbox 262 2595 1476 2700; baseline 0.006 -33"><span class='ocrx_word' id='word_1_148' title='bbox 262 2595 437 2671; x_wconf 82' lang='lat' dir='ltr'><strong>duratione</strong></span> <span class='ocrx_word' id='word_1_149' title='bbox 450 2596 560 2691; x_wconf 81' lang='lat' dir='ltr'><strong>polita</strong></span> <span class='ocrx_word' id='word_1_150' title='bbox 574 2596 637 2674; x_wconf 89' lang='lat' dir='ltr'><strong>est.</strong></span> <span class='ocrx_word' id='word_1_151' title='bbox 663 2598 772 2700; x_wconf 83' lang='lat' dir='ltr'><strong>Quod</strong></span> <span class='ocrx_word' id='word_1_152' title='bbox 786 2597 1055 2689; x_wconf 88' lang='lat' dir='ltr'><strong>nonabiolute‚</strong></span> <span class='ocrx_word' id='word_1_153' title='bbox 1070 2598 1365 2673; x_wconf 70' lang='lat' dir='ltr'><strong>fedrestritleeil</strong></span> <span class='ocrx_word' id='word_1_154' title='bbox 1378 2601 1429 2674; x_wconf 88' lang='lat' dir='ltr'><strong>in&#39;-</strong></span> <span class='ocrx_word' id='word_1_155' title='bbox 1473 2658 1476 2662; x_wconf 19' lang='lat' dir='ltr'><strong>a</strong></span> 
     </span>
    </p>

    <p class='ocr_par' dir='ltr' id='par_1_8' title="bbox 259 2692 1428 2889">
     <span class='ocr_line' id='line_1_22' title="bbox 263 2692 1428 2794; baseline 0.005 -27"><span class='ocrx_word' id='word_1_156' title='bbox 263 2692 514 2791; x_wconf 69' lang='lat' dir='ltr'><strong>elligendum,</strong></span> <span class='ocrx_word' id='word_1_157' title='bbox 545 2710 586 2770; x_wconf 92' lang='lat' dir='ltr'><strong>ut</strong></span> <span class='ocrx_word' id='word_1_158' title='bbox 607 2695 712 2771; x_wconf 87' lang='lat' dir='ltr'><strong>facile</strong></span> <span class='ocrx_word' id='word_1_159' title='bbox 729 2712 847 2791; x_wconf 81' lang='lat' dir='ltr'><strong>patet3</strong></span> <span class='ocrx_word' id='word_1_160' title='bbox 873 2696 909 2769; x_wconf 77' lang='lat' dir='ltr'><strong>u</strong></span> <span class='ocrx_word' id='word_1_161' title='bbox 921 2698 1034 2772; x_wconf 88' lang='lat' dir='ltr'><strong>relate</strong></span> <span class='ocrx_word' id='word_1_162' title='bbox 1049 2697 1093 2770; x_wconf 88' lang='lat' dir='ltr'><strong>ad</strong></span> <span class='ocrx_word' id='word_1_163' title='bbox 1109 2698 1312 2771; x_wconf 84' lang='lat' dir='ltr'><strong>calamitatis</strong></span> <span class='ocrx_word' id='word_1_164' title='bbox 1325 2696 1428 2794; x_wconf 84' lang='lat' dir='ltr'><strong>origi·</strong></span> 
     </span>
     <span class='ocr_line' id='line_1_23' title="bbox 259 2792 1428 2889; baseline 0.002 -26"><span class='ocrx_word' id='word_1_165' title='bbox 259 2810 366 2878; x_wconf 84' lang='lat' dir='ltr'><strong>nem,</strong></span> <span class='ocrx_word' id='word_1_166' title='bbox 397 2792 674 2889; x_wconf 80' lang='lat' dir='ltr'><strong>&amp;gravitatem</strong></span> <span class='ocrx_word' id='word_1_167' title='bbox 725 2792 904 2871; x_wconf 63' lang='lat' dir='ltr'><strong>Atrocitati</strong></span> <span class='ocrx_word' id='word_1_168' title='bbox 918 2793 953 2865; x_wconf 79' lang='lat' dir='ltr'><strong>dt</strong></span> <span class='ocrx_word' id='word_1_169' title='bbox 965 2796 1116 2889; x_wconf 84' lang='lat' dir='ltr'><strong>gravitas</strong></span> <span class='ocrx_word' id='word_1_170' title='bbox 1132 2792 1365 2867; x_wconf 83' lang='lat' dir='ltr'><strong>brevtffimam</strong></span> <span class='ocrx_word' id='word_1_171' title='bbox 1379 2792 1428 2865; x_wconf 77' lang='lat' dir='ltr'><strong>af-</strong></span> 
     </span>
    </p>
   </div>
   <div class='ocr_carea' id='block_1_7' title="bbox 257 2883 1558 2990">
    <p class='ocr_par' dir='ltr' id='par_1_9' title="bbox 257 2883 1558 2990">
     <span class='ocr_line' id='line_1_24' title="bbox 257 2883 1558 2990; baseline 0.003 -33"><span class='ocrx_word' id='word_1_172' title='bbox 257 2883 452 2965; x_wconf 67' lang='lat' dir='ltr'><strong>flictionem</strong></span> <span class='ocrx_word' id='word_1_173' title='bbox 472 2891 614 2990; x_wconf 82' lang='lat' dir='ltr'><strong>longam</strong></span> <span class='ocrx_word' id='word_1_174' title='bbox 633 2892 749 2983; x_wconf 85' lang='lat' dir='ltr'><strong>facit,</strong></span> <span class='ocrx_word' id='word_1_175' title='bbox 785 2892 836 2964; x_wconf 86' lang='lat' dir='ltr'><strong>ita</strong></span> <span class='ocrx_word' id='word_1_176' title='bbox 855 2885 903 2965; x_wconf 85' lang='lat' dir='ltr'><strong>ut&#39;</strong></span> <span class='ocrx_word' id='word_1_177' title='bbox 914 2888 1074 2961; x_wconf 86' lang='lat' dir='ltr'><strong>horribili</strong></span> <span class='ocrx_word' id='word_1_178' title='bbox 1088 2888 1285 2965; x_wconf 70' lang='lat' dir='ltr'><strong>calamitate</strong></span> <span class='ocrx_word' id='word_1_179' title='bbox 1303 2885 1426 2979; x_wconf 81' lang='lat' dir='ltr'><strong>prelii,</strong></span> <span class='ocrx_word' id='word_1_180' title='bbox 1553 2903 1558 2911; x_wconf 48' lang='lat'><em>¹</em></span> 
     </span>
    </p>
   </div>
   <div class='ocr_carea' id='block_1_8' title="bbox 178 2978 1426 3955">
    <p class='ocr_par' dir='ltr' id='par_1_10' title="bbox 178 2978 1426 3955">
     <span class='ocr_line' id='line_1_25' title="bbox 256 2978 1426 3086; baseline 0.001 -30"><span class='ocrx_word' id='word_1_181' title='bbox 256 3004 363 3073; x_wconf 88' lang='lat' dir='ltr'><strong>quam</strong></span> <span class='ocrx_word' id='word_1_182' title='bbox 381 2988 446 3061; x_wconf 89' lang='lat' dir='ltr'><strong>diu</strong></span> <span class='ocrx_word' id='word_1_183' title='bbox 460 2986 556 3063; x_wconf 88' lang='lat' dir='ltr'><strong>ferre</strong></span> <span class='ocrx_word' id='word_1_184' title='bbox 579 3000 785 3086; x_wconf 84' lang='lat' dir='ltr'><strong>nequeunt,</strong></span> <span class='ocrx_word' id='word_1_185' title='bbox 818 3009 916 3083; x_wconf 78' lang='lat' dir='ltr'><strong>usque</strong></span> <span class='ocrx_word' id='word_1_186' title='bbox 936 2996 997 3083; x_wconf 74' lang='lat' dir='ltr'><strong>quo</strong></span> <span class='ocrx_word' id='word_1_187' title='bbox 1019 2982 1119 3057; x_wconf 77' lang='lat' dir='ltr'><strong>redie-</strong></span> <span class='ocrx_word' id='word_1_188' title='bbox 1134 2984 1256 3057; x_wconf 89' lang='lat' dir='ltr'><strong>dicere·</strong></span> <span class='ocrx_word' id='word_1_189' title='bbox 1270 2978 1426 3077; x_wconf 75' lang='lat' dir='ltr'><strong>posint:</strong></span> 
     </span>
     <span class='ocr_line' id='line_1_26' title="bbox 178 3080 1423 3181; baseline 0.005 -32"><span class='ocrx_word' id='word_1_190' title='bbox 178 3155 188 3171; x_wconf 22' lang='lat' dir='ltr'>N</span> <span class='ocrx_word' id='word_1_191' title='bbox 217 3088 221 3095; x_wconf 84' lang='lat'>&#39;</span> <span class='ocrx_word' id='word_1_192' title='bbox 255 3080 358 3150; x_wconf 84' lang='lat' dir='ltr'><strong>anad</strong></span> <span class='ocrx_word' id='word_1_193' title='bbox 373 3082 657 3162; x_wconf 82' lang='lat' dir='ltr'><strong>internecionem</strong></span> <span class='ocrx_word' id='word_1_194' title='bbox 671 3082 983 3181; x_wconf 61' lang='lat' dir='ltr'><strong>usqueisemfere</strong></span> <span class='ocrx_word' id='word_1_195' title='bbox 998 3080 1423 3178; x_wconf 84' lang='lat' dir='ltr'><strong>oppressrsumus‚quam·</strong></span> 
     </span>
     <span class='ocr_line' id='line_1_27' title="bbox 256 3173 1420 3274; baseline 0.004 -26"><span class='ocrx_word' id='word_1_196' title='bbox 256 3173 321 3248; x_wconf 90' lang='lat' dir='ltr'><strong>diu</strong></span> <span class='ocrx_word' id='word_1_197' title='bbox 338 3173 453 3247; x_wconf 79' lang='lat' dir='ltr'><strong>adhue</strong></span> <span class='ocrx_word' id='word_1_198' title='bbox 476 3180 641 3255; x_wconf 75' lang='lat' dir='ltr'><strong>dumbitt</strong></span> <span class='ocrx_word' id='word_1_199' title='bbox 673 3185 754 3257; x_wconf 88' lang='lat' dir='ltr'><strong>Hoc</strong></span> <span class='ocrx_word' id='word_1_200' title='bbox 771 3186 808 3258; x_wconf 89' lang='lat' dir='ltr'><strong>in</strong></span> <span class='ocrx_word' id='word_1_201' title='bbox 823 3182 915 3257; x_wconf 87' lang='lat' dir='ltr'><strong>statu</strong></span> <span class='ocrx_word' id='word_1_202' title='bbox 929 3196 1029 3257; x_wconf 86' lang='lat' dir='ltr'><strong>erant</strong></span> <span class='ocrx_word' id='word_1_203' title='bbox 1043 3200 1098 3255; x_wconf 83' lang='lat' dir='ltr'><strong>res</strong></span> <span class='ocrx_word' id='word_1_204' title='bbox 1109 3178 1317 3274; x_wconf 84' lang='lat' dir='ltr'><strong>Judaeorum</strong></span> <span class='ocrx_word' id='word_1_205' title='bbox 1333 3191 1420 3253; x_wconf 77' lang='lat' dir='ltr'><strong>tem·</strong></span> 
     </span>
     <span class='ocr_line' id='line_1_28' title="bbox 253 3270 1424 3369; baseline 0.003 -24"><span class='ocrx_word' id='word_1_206' title='bbox 253 3294 347 3369; x_wconf 85' lang='lat' dir='ltr'><strong>pore</strong></span> <span class='ocrx_word' id='word_1_207' title='bbox 372 3270 563 3361; x_wconf 77' lang='lat' dir='ltr'><strong>Antiochi,</strong></span> <span class='ocrx_word' id='word_1_208' title='bbox 580 3275 651 3361; x_wconf 75' lang='lat' dir='ltr'><strong>ut,</strong></span> <span class='ocrx_word' id='word_1_209' title='bbox 671 3278 735 3350; x_wconf 80' lang='lat' dir='ltr'><strong>nisa</strong></span> <span class='ocrx_word' id='word_1_210' title='bbox 756 3281 830 3353; x_wconf 87' lang='lat' dir='ltr'><strong>cito</strong></span> <span class='ocrx_word' id='word_1_211' title='bbox 850 3278 1069 3354; x_wconf 78' lang='lat' dir='ltr'><strong>succurriliet</strong></span> <span class='ocrx_word' id='word_1_212' title='bbox 1089 3276 1217 3367; x_wconf 69' lang='lat' dir='ltr'><strong>neus,</strong></span> <span class='ocrx_word' id='word_1_213' title='bbox 1234 3270 1268 3349; x_wconf 78' lang='lat' dir='ltr'><strong>dt</strong></span> <span class='ocrx_word' id='word_1_214' title='bbox 1288 3274 1424 3349; x_wconf 74' lang='lat' dir='ltr'><strong>anseris</strong></span> 
     </span>
     <span class='ocr_line' id='line_1_29' title="bbox 255 3367 1419 3473; baseline 0.002 -30"><span class='ocrx_word' id='word_1_215' title='bbox 255 3391 365 3463; x_wconf 86' lang='lat' dir='ltr'><strong>opem</strong></span> <span class='ocrx_word' id='word_1_216' title='bbox 387 3367 535 3457; x_wconf 82' lang='lat' dir='ltr'><strong>tuliiiet,</strong></span> <span class='ocrx_word' id='word_1_217' title='bbox 569 3370 613 3441; x_wconf 90' lang='lat' dir='ltr'><strong>de</strong></span> <span class='ocrx_word' id='word_1_218' title='bbox 628 3390 702 3463; x_wconf 86' lang='lat' dir='ltr'><strong>rep.</strong></span> <span class='ocrx_word' id='word_1_219' title='bbox 718 3374 754 3445; x_wconf 77' lang='lat' dir='ltr'><strong>dc</strong></span> <span class='ocrx_word' id='word_1_220' title='bbox 767 3376 937 3473; x_wconf 86' lang='lat' dir='ltr'><strong>religione</strong></span> <span class='ocrx_word' id='word_1_221' title='bbox 953 3377 1065 3451; x_wconf 72' lang='lat' dir='ltr'><strong>aliurn</strong></span> <span class='ocrx_word' id='word_1_222' title='bbox 1081 3374 1208 3453; x_wconf 85' lang='lat' dir='ltr'><strong>fuillet.</strong></span> <span class='ocrx_word' id='word_1_223' title='bbox 1258 3370 1366 3473; x_wconf 91' lang='lat' dir='ltr'><strong>Quod</strong></span> <span class='ocrx_word' id='word_1_224' title='bbox 1381 3372 1419 3445; x_wconf 91' lang='lat' dir='ltr'><strong>in</strong></span> 
     </span>
     <span class='ocr_line' id='line_1_30' title="bbox 253 3464 1420 3563; baseline 0.003 -26"><span class='ocrx_word' id='word_1_225' title='bbox 253 3467 364 3540; x_wconf 86' lang='lat' dir='ltr'><strong>exilio</strong></span> <span class='ocrx_word' id='word_1_226' title='bbox 397 3466 486 3541; x_wconf 82' lang='lat' dir='ltr'><strong>Bab.</strong></span> <span class='ocrx_word' id='word_1_227' title='bbox 501 3466 546 3539; x_wconf 89' lang='lat' dir='ltr'><strong>fic</strong></span> <span class='ocrx_word' id='word_1_228' title='bbox 566 3464 603 3540; x_wconf 91' lang='lat' dir='ltr'><strong>se</strong></span> <span class='ocrx_word' id='word_1_229' title='bbox 623 3486 696 3541; x_wconf 90' lang='lat' dir='ltr'><strong>non</strong></span> <span class='ocrx_word' id='word_1_230' title='bbox 716 3468 850 3548; x_wconf 88' lang='lat' dir='ltr'><strong>habuit.</strong></span> <span class='ocrx_word' id='word_1_231' title='bbox 900 3472 1070 3563; x_wconf 82' lang='lat' dir='ltr'><strong>Deinde,</strong></span> <span class='ocrx_word' id='word_1_232' title='bbox 1104 3471 1315 3546; x_wconf 77' lang='lat' dir='ltr'><strong>severissima</strong></span> <span class='ocrx_word' id='word_1_233' title='bbox 1332 3466 1420 3541; x_wconf 77' lang='lat' dir='ltr'><strong>affli-</strong></span> 
     </span>
     <span class='ocr_line' id='line_1_31' title="bbox 254 3562 1418 3663; baseline 0.002 -26"><span class='ocrx_word' id='word_1_234' title='bbox 254 3562 347 3650; x_wconf 78' lang='lat' dir='ltr'><strong>etio,</strong></span> <span class='ocrx_word' id='word_1_235' title='bbox 374 3586 451 3656; x_wconf 84' lang='lat' dir='ltr'><strong>quae</strong></span> <span class='ocrx_word' id='word_1_236' title='bbox 474 3563 653 3661; x_wconf 86' lang='lat' dir='ltr'><strong>religionis</strong></span> <span class='ocrx_word' id='word_1_237' title='bbox 674 3564 776 3638; x_wconf 87' lang='lat' dir='ltr'><strong>causa</strong></span> <span class='ocrx_word' id='word_1_238' title='bbox 795 3567 1006 3659; x_wconf 83' lang='lat' dir='ltr'><strong>instituitur,</strong></span> <span class='ocrx_word' id='word_1_239' title='bbox 1031 3572 1189 3663; x_wconf 79' lang='lat' dir='ltr'><strong>adeoque</strong></span> <span class='ocrx_word' id='word_1_240' title='bbox 1205 3590 1250 3641; x_wconf 91' lang='lat' dir='ltr'><strong>ne</strong></span> <span class='ocrx_word' id='word_1_241' title='bbox 1265 3563 1418 3657; x_wconf 88' lang='lat' dir='ltr'><strong>speciem</strong></span> 
     </span>
     <span class='ocr_line' id='line_1_32' title="bbox 256 3659 1420 3759; baseline -0.001 -24"><span class='ocrx_word' id='word_1_242' title='bbox 256 3661 400 3753; x_wconf 88' lang='lat' dir='ltr'><strong>quidem</strong></span> <span class='ocrx_word' id='word_1_243' title='bbox 416 3660 503 3751; x_wconf 83' lang='lat' dir='ltr'><strong>juris</strong></span> <span class='ocrx_word' id='word_1_244' title='bbox 524 3683 564 3735; x_wconf 93' lang='lat' dir='ltr'><strong>ac</strong></span> <span class='ocrx_word' id='word_1_245' title='bbox 583 3659 723 3756; x_wconf 82' lang='lat' dir='ltr'><strong>justitie</strong></span> <span class='ocrx_word' id='word_1_246' title='bbox 748 3664 969 3757; x_wconf 85' lang='lat' dir='ltr'><strong>praetendere</strong></span> <span class='ocrx_word' id='word_1_247' title='bbox 984 3666 1119 3759; x_wconf 88' lang='lat' dir='ltr'><strong>potest,</strong></span> <span class='ocrx_word' id='word_1_248' title='bbox 1144 3665 1276 3736; x_wconf 87' lang='lat' dir='ltr'><strong>summa</strong></span> <span class='ocrx_word' id='word_1_249' title='bbox 1290 3660 1420 3753; x_wconf 87' lang='lat' dir='ltr'><strong>injuria</strong></span> 
     </span>
     <span class='ocr_line' id='line_1_33' title="bbox 251 3755 1417 3857; baseline -0.003 -25"><span class='ocrx_word' id='word_1_250' title='bbox 251 3760 388 3853; x_wconf 88' lang='lat' dir='ltr'><strong>populo</strong></span> <span class='ocrx_word' id='word_1_251' title='bbox 407 3755 574 3848; x_wconf 85' lang='lat' dir='ltr'><strong>immilia,</strong></span> <span class='ocrx_word' id='word_1_252' title='bbox 608 3762 667 3833; x_wconf 83' lang='lat' dir='ltr'><strong>vel</strong></span> <span class='ocrx_word' id='word_1_253' title='bbox 690 3762 806 3835; x_wconf 87' lang='lat' dir='ltr'><strong>brevis</strong></span> <span class='ocrx_word' id='word_1_254' title='bbox 825 3759 989 3833; x_wconf 84' lang='lat' dir='ltr'><strong>censetur</strong></span> <span class='ocrx_word' id='word_1_255' title='bbox 1008 3762 1219 3857; x_wconf 81' lang='lat' dir='ltr'><strong>longissima:</strong></span> <span class='ocrx_word' id='word_1_256' title='bbox 1245 3757 1417 3851; x_wconf 83' lang='lat' dir='ltr'><strong>ejusmodi</strong></span> 
     </span>
     <span class='ocr_line' id='line_1_34' title="bbox 251 3855 1414 3955; baseline 0.001 -29"><span class='ocrx_word' id='word_1_257' title='bbox 251 3856 349 3933; x_wconf 89' lang='lat' dir='ltr'><strong>enim</strong></span> <span class='ocrx_word' id='word_1_258' title='bbox 368 3855 502 3933; x_wconf 89' lang='lat' dir='ltr'><strong>summa</strong></span> <span class='ocrx_word' id='word_1_259' title='bbox 521 3856 651 3932; x_wconf 87' lang='lat' dir='ltr'><strong>scelera</strong></span> <span class='ocrx_word' id='word_1_260' title='bbox 672 3880 736 3951; x_wconf 84' lang='lat' dir='ltr'><strong>per</strong></span> <span class='ocrx_word' id='word_1_261' title='bbox 749 3856 915 3955; x_wconf 71' lang='lat' dir='ltr'><strong>justitiam</strong></span> <span class='ocrx_word' id='word_1_262' title='bbox 936 3856 1007 3931; x_wconf 92' lang='lat' dir='ltr'><strong>Dei</strong></span> <span class='ocrx_word' id='word_1_263' title='bbox 1031 3858 1090 3929; x_wconf 83' lang='lat' dir='ltr'><strong>vix</strong></span> <span class='ocrx_word' id='word_1_264' title='bbox 1112 3857 1228 3947; x_wconf 82' lang='lat' dir='ltr'><strong>aliquo</strong></span> <span class='ocrx_word' id='word_1_265' title='bbox 1251 3870 1414 3950; x_wconf 82' lang='lat' dir='ltr'><strong>ternpore</strong></span> 
     </span>
    </p>
   </div>
   <div class='ocr_carea' id='block_1_9' title="bbox 63 3945 1419 4055">
    <p class='ocr_par' dir='ltr' id='par_1_11' title="bbox 63 3945 1419 4055">
     <span class='ocr_line' id='line_1_35' title="bbox 63 3945 1419 4055; baseline 0.01 -41"><span class='ocrx_word' id='word_1_266' title='bbox 63 3945 69 3997; x_wconf 66' lang='lat'><strong>¹-</strong></span> <span class='ocrx_word' id='word_1_267' title='bbox 104 4016 108 4021; x_wconf 62' lang='lat'><em>,</em></span> <span class='ocrx_word' id='word_1_268' title='bbox 253 3952 395 4025; x_wconf 83' lang='lat' dir='ltr'><strong>tolerari</strong></span> <span class='ocrx_word' id='word_1_269' title='bbox 410 3954 507 4049; x_wconf 85' lang='lat' dir='ltr'><strong>polle</strong></span> <span class='ocrx_word' id='word_1_270' title='bbox 525 3954 701 4031; x_wconf 74' lang='lat' dir='ltr'><strong>videntur.</strong></span> <span class='ocrx_word' id='word_1_271' title='bbox 751 3957 903 4043; x_wconf 76' lang='lat' dir='ltr'><strong>Accedit</strong></span> <span class='ocrx_word' id='word_1_272' title='bbox 916 3955 1088 4048; x_wconf 88' lang='lat' dir='ltr'><strong>denique,</strong></span> <span class='ocrx_word' id='word_1_273' title='bbox 1120 3954 1319 4027; x_wconf 78' lang='lat' dir='ltr'><strong>diuturnam</strong></span> <span class='ocrx_word' id='word_1_274' title='bbox 1343 3955 1419 4055; x_wconf 56' lang='lat' dir='ltr'><strong>exig</strong></span> 
     </span>
    </p>
   </div>
   <div class='ocr_carea' id='block_1_10' title="bbox 130 4043 1416 4227">
    <p class='ocr_par' dir='ltr' id='par_1_12' title="bbox 130 4043 1416 4227">
     <span class='ocr_line' id='line_1_36' title="bbox 130 4043 1416 4226; baseline -0.004 -92"><span class='ocrx_word' id='word_1_275' title='bbox 130 4120 140 4127; x_wconf 95' lang='lat'><em>.</em></span> <span class='ocrx_word' id='word_1_276' title='bbox 250 4043 381 4124; x_wconf 71' lang='lat' dir='ltr'><strong>Rimari</strong></span> <span class='ocrx_word' id='word_1_277' title='bbox 401 4050 641 4174; x_wconf 67' lang='lat' dir='ltr'><strong>effiidionem</strong></span> <span class='ocrx_word' id='word_1_278' title='bbox 673 4076 749 4150; x_wconf 83' lang='lat' dir='ltr'><strong>quae</strong></span> <span class='ocrx_word' id='word_1_279' title='bbox 765 4068 877 4155; x_wconf 76' lang='lat' dir='ltr'><strong>preces</strong></span> <span class='ocrx_word' id='word_1_280' title='bbox 896 4056 1013 4153; x_wconf 87' lang='lat' dir='ltr'><strong>longo</strong></span> <span class='ocrx_word' id='word_1_281' title='bbox 1027 4068 1190 4152; x_wconf 85' lang='lat' dir='ltr'><strong>tempore</strong></span> <span class='ocrx_word' id='word_1_282' title='bbox 1204 4050 1416 4226; x_wconf 45' lang='lat' dir='ltr'><strong>fatifgafglli?</strong></span> 
     </span>
     <span class='ocr_line' id='line_1_37' title="bbox 1281 4173 1415 4227; baseline 0 0"><span class='ocrx_word' id='word_1_283' title='bbox 1281 4173 1299 4227; x_wconf 89' lang='lat' dir='ltr'><strong>e</strong></span> <span class='ocrx_word' id='word_1_284' title='bbox 1402 4174 1415 4227; x_wconf 75' lang='lat' dir='ltr'><strong>a</strong></span> 
     </span>
    </p>
   </div>
   <div class='ocr_carea' id='block_1_11' title="bbox 0 0 1954 5117">
    <p class='ocr_par' dir='ltr' id='par_1_13' title="bbox 0 0 1954 5117">
     <span class='ocr_line' id='line_1_38' title="bbox 0 0 1954 5117; baseline 0 23"><span class='ocrx_word' id='word_1_285' title='bbox 0 0 1954 5117; x_wconf 95' lang='lat' dir='ltr'><strong> </strong></span> 
     </span>
    </p>
   </div>
  </div>
 </body>
</html>
