3900 5117
486 568 575 664 1³¹?ss
624 540 662 657 ιΡ
710 546 748 661 ε1
781 541 998 665 A3153n1.
1072 550 1217 663 LXX&
1245 610 1282 654 -‚
1379 554 1451 669 ‚⁶9i.

200 824 206 831 .
273 750 415 837 'mentio
429 768 508 825 eam
523 740 677 830 refutat,
703 760 784 815 cum
801 740 1006 839 Beajamirris
1027 744 1136 823 tribus
1150 770 1174 823 x
1189 749 1345 825 tribubus
1358 772 1447 827 nun-

281 839 285 851 ’
304 874 386 927 uam
407 843 517 920 fuerit
536 838 725 925 accenslta,
751 838 809 911 sed
828 862 909 915 cum
930 840 1039 935 Juda,
1054 842 1168 937 -Judae
1189 868 1357 941 regnum,
1379 868 1445 940 per

277 878 401 1039 iabyl.
422 938 651 1024 destructum,
674 932 909 1012 constituerit.
968 939 1088 1037 Quare
1103 958 1221 1017 autem
1235 944 1371 1018 illarum
1385 944 1444 1015 tri-

279 1030 392 1122 buum
410 1040 449 1113 in
462 1036 576 1130 specie
591 1032 653 1106 fiat
666 1033 823 1122 mentio,
845 1031 910 1107 suo
925 1034 1008 1107 loco
1022 1038 1253 1128 inquiremus.

288 1132 295 1141 '
328 1144 361 1232 ᾗ.
375 1136 421 1211 Χ.
484 1130 536 1206 Cl.
569 1128 714 1220 Cocccji
742 1128 942 1223 hypothesis
969 1130 1106 1221 habet,
1144 1158 1267 1227 preces
1287 1134 1446 1217 fidelium

280 1223 358 1332 iret.
370 1230 470 1319 test.,
497 1228 621 1321 quibus
642 1225 788 1323 gratiam
801 1226 872 1299 Dei
886 1228 924 1301 in
936 1225 1076 1302 Christo
1091 1226 1153 1303 sub
1169 1228 1361 1329 Euangelio
1376 1256 1448 1310 ma-

278 1328 510 1425 nifestandam
529 1324 781 1417 implorarent,
815 1324 926 1399 tribus
946 1322 1111 1399 distindtis
1126 1326 1277 1419 periodis
1292 1330 1446 1407 handen.

278 1430 356 1518 das,
383 1420 643 1518 representari,
669 1426 815 1513 quarum
834 1422 947 1514 prima
959 1420 1057 1495 foret
1071 1437 1153 1497 ante
1170 1424 1269 1522 regni
1284 1424 1444 1503 israeliti-

274 1529 309 1603 ci
335 1519 631 1605 destruitionetn,
656 1516 808 1594 secunda
828 1532 911 1592 ante
931 1519 1030 1614 regni
1044 1518 1142 1611 Judae
1157 1521 1314 1611 ruinam,
1339 1527 1444 1597 tertia

276 1622 424 1701 exilium
448 1617 573 1709 Babyl
605 1614 640 1689 dt
666 1630 828 1707 tempora
850 1613 1095 1708 insequentia,
1135 1617 1260 1711 quibus
1285 1618 1445 1713 'periodis

275 1718 419 1808 fideles,
442 1714 587 1789 suorum
599 1724 801 1805 temporum
814 1712 1070 1789 calamitatibus
1087 1714 1248 1803 excitati,
1269 1714 1306 1791 in
1322 1716 1447 1791 ardent

275 1815 399 1893 tiffima
436 1827 524 1886 vota
557 1808 749 1884 meliorum
779 1820 983 1902 temporum
1016 1806 1078 1886 sub
1107 1808 1228 1883 Mallia
1257 1831 1446 1909 erumpen-
1527 1846 1530 1853 v

274 1930 351 2005 tes,
375 1910 446 1985 hoc
459 1906 512 1982 Ps.
526 1908 789 1981 exhiberentur.
839 1904 969 1981 Ansam
983 1906 1084 1997 hujus
1098 1906 1277 1999 opinionis
1293 1922 1369 1984 tum
1383 1932 1448 2005 pe.

275 2012 359 2089 titio
377 2022 432 2083 ter
453 2003 606 2098 repetita
630 2000 797 2098 prebuit,
828 2014 906 2077 tum
928 2000 1111 2095 Ephraimi
1124 2003 1158 2077 dt
1172 2002 1331 2080 Manaffis
1346 2028 1444 2085 men·

275 2108 356 2196 tio,
381 2099 473 2178 vers,
495 2122 529 2194 3.
551 2116 627 2175 tum
640 2096 769 2194 phrafis
783 2100 1036 2173 illuminationis
1051 2099 1156 2173 faciei
1168 2099 1258 2189 Dei,
1284 2125 1361 2195 quaa
1377 2103 1444 2183 sm.

275 2202 366 2301 gulis
387 2196 617 2293 petitionibus
636 2195 799 2271 recurrit.
854 2195 924 2274 Sed
945 2196 999 2268 hae
1020 2197 1174 2275 rationes
1192 2221 1319 2295 parum
1334 2202 1442 2277 robo-

272 2300 323 2381 ris
338 2296 481 2371 habent.
525 2291 668 2396 Eadem
682 2314 806 2387 preces
821 2291 1014 2387 emphafios
1029 2292 1128 2371 causa
1143 2317 1217 2370 non
1231 2296 1302 2372 stne
1316 2297 1443 2397 iniigni

275 2391 447 2473 orationis
474 2390 648 2487 elegantia
677 2403 917 2484 repetuntur,
941 2412 982 2465 ac
1009 2392 1176 2491 gradatim
1203 2394 1444 2486 adscendunt,
1583 2424 1591 2441 ·
1626 2430 1630 2441 ·

273 2488 564 2587 precantiumque
579 2486 740 2563 ardorem
754 2485 923 2563 indicant.
972 2486 1031 2565 De
1045 2488 1237 2586 Ephraimo
1251 2491 1286 2567 da
1301 2490 1444 2569 Manus&

273 2588 311 2684 se
332 2585 389 2661 hic
415 2583 616 2661 memoratis
637 2581 700 2658 suo
724 2583 819 2660 loco.
851 2584 1000 2661 ‚Phralis
1014 2609 1103 2665 vero
1118 2592 1371 2665 illuminationis
1378 2588 1443 2683 fa-

275 2690 339 2760 aiei
358 2682 462 2758 nimis
482 2681 650 2778 generalla
673 2679 752 2770 est,
789 2700 893 2777 quam
911 2696 953 2759 ut
975 2684 1059 2760 hinc
1080 2686 1165 2762 illud
1186 2687 1304 2784 colligi
1324 2684 1440 2781 poffit.

275 2780 346 2859 Sed
373 2778 529 2859 rationes
550 2776 624 2856 alie
637 2775 870 2872 tenderunt,
899 2781 1023 2877 quibus
1036 2782 1235 2879 hypothesis
1250 2782 1441 2862 refutatur.

274 2898 310 2958 1.
324 2876 381 2955 Ex
395 2878 563 2955 universo
576 2894 749 2959 contextu
763 2899 904 2957 certum
917 2879 991 2969 est,
1006 2879 1239 2976 perfatuum,
1255 2898 1361 2971 quam
1374 2879 1440 2955 im-

222 3014 225 3017 ·
272 2977 419 3073 plorant
431 2978 500 3073 pii,
517 2973 671 3075 divinam
685 2978 904 3057 liberationem
919 2990 962 3051 ex
973 2974 1147 3073 prasente
1156 2974 1350 3049 calamitate
1358 2996 1443 3069 ,qua

271 3075 544 3169 premebantur,
579 3073 743 3175 intelligi.
795 3066 892 3175 Salus
912 3074 1008 3151 enim
1029 3066 1273 3149 afflidiionibus
1288 3074 1443 3166 opponi·

271 3181 333 3244 tur
340 3215 354 3256 ,
377 3188 483 3260 quare
500 3174 585 3259 alia,
609 3196 649 3247 ac
664 3196 742 3267 quae
756 3195 813 3248 eas
828 3166 943 3263 tollit,
968 3170 1038 3247 elle
1053 3171 1187 3266 nequit.
1235 3191 1268 3243 2.
1282 3164 1441 3249 Salutem

270 3266 317 3340 ab
340 3261 465 3358 infigni
483 3262 613 3352 heroa,
638 3267 762 3359 spiritu
779 3268 851 3343 Dei
871 3269 1046 3362 animate,
1071 3266 1298 3345 adferendam
1311 3266 1441 3363 intelli

270 3373 382 3461 gunt,
413 3371 455 3432 ut
478 3379 522 3431 ex
547 3358 636 3431 vers.
661 3366 794 3451 17.18.
814 3366 944 3458 liquet:
969 3356 1442 3463 qutcsrtjtasessenequit,

271 3456 371 3553 quod
390 3461 448 3530 vir
466 3458 523 3529 ille
542 3455 663 3528 dextra
684 3456 807 3531 diuina
832 3474 993 3556 tempore
1020 3464 1222 3541 calamitatis
1250 3463 1340 3537 illius
1370 3462 1441 3535 exi·
1587 3529 1590 3537 ,

270 3554 400 3642 steret,
424 3550 589 3647 quodque
611 3548 774 3632 Ecclesia
788 3544 932 3637 ,affiitlae'
951 3560 1079 3635 statum
1103 3559 1328 3635 instauraret:
1377 3580 1441 3633 uo-

270 3672 352 3727 rum
371 3662 539 3762 neutrum
560 3644 697 3723 Christo
711 3650 894 3725 convenit.
936 3668 968 3746 3.
986 3655 1082 3731 Salus
1095 3654 1299 3754 indigitatur
1320 3582 1440 3733 aireu

272 3762 437 3918 tanguam
457 3762 690 3840 imperatore,
721 3770 787 3865 per
805 3751 902 3822 rabor
916 3752 1018 3863 eius,
1043 3748 1254 3867 adferenda3
1268 3750 1442 3865 'adeoque

271 3839 772 4018 andhaihait?
785 3846 1445 4041 piinmitimiiil’ffiiiiiiit

134 4066 147 4087 ·
270 4046 388 4136 taam,
410 4042 455 4123 ita
468 4036 661 4141 adsalutem
673 3994 788 4137 asits’,
811 4000 979 4218 &annuam
992 4000 1136 4147 magnus
1152 4000 1366 4143 imperator,
1380 4066 1441 4158 ru-

459 4190 464 4198 ·
852 4162 935 4244 888
1389 4166 1464 4239 11¹8·
