3900 5117
531 540 603 649 '384
723 513 1588 653 commentantes,

530 740 767 839 institutionem
790 735 965 827 divinam,
991 736 1027 808 dc
1046 734 1221 830 posterius
1241 738 1316 829 ejus
1337 752 1563 833 argumentum
1576 742 1690 814 conti·

529 856 613 927 net;
640 838 707 911 acsi
726 836 933 910 haberetur:
960 836 1055 906 donee
1077 840 1112 906 in
1124 832 1318 929 sarcinaria
1333 834 1403 907 Dei
1416 832 1568 932 admiffm
1582 839 1627 909 ibi
1642 843 1691 910 in-

529 939 642 1009 tellexi
661 931 860 1029 nauffmum
883 954 1002 1005 eorum.
1064 928 1211 1023 Repetit
1231 930 1348 1024 itaque
1369 930 1580 1008 solutionem
1600 956 1689 1027 quae·

527 1029 648 1105 stionis
662 1028 871 1103 difficillimae
885 1050 906 1100 a
921 1026 1080 1101 taurina
1092 1026 1137 1098 de
1150 1025 1339 1101 noviffimis
1352 1028 1687 1125 impiorum,.quam

529 1128 683 1203 declarat
704 1126 739 1199 se
762 1128 800 1199 in
824 1122 1020 1197 sanctuariis
1041 1122 1113 1195 Dei
1134 1122 1297 1196 didiciffe.
1352 1123 1419 1196 Per
1440 1124 1604 1220 novifflma
1624 1128 1689 1202 irn-
1811 1182 1815 1188 .

526 1227 668 1341 piorum
690 1222 763 1295 fine
784 1220 891 1295 dubio
913 1220 1098 1317 intelligit,
1124 1242 1199 1292 non
1215 1222 1349 1293 exitum
1363 1220 1398 1291 dt
1413 1220 1545 1296 sortem
1560 1246 1689 1300 eorum

525 1342 566 1397 tn
587 1324 656 1395 hoc
675 1318 812 1408 secu10,
846 1316 904 1389 sed
924 1318 962 1390 in
976 1316 1111 1407 futuro.
1166 1337 1197 1387 1.
1218 1315 1319 1412 Quia
1331 1316 1420 1389 vers.
1437 1340 1473 1407 4.
1487 1339 1549 1390 eos
1564 1321 1600 1392 in
1616 1320 1691 1393 sce,

527 1442 609 1495 nam
625 1418 841 1511 produxerat
854 1436 952 1509 usque
965 1415 1008 1484 ad
1019 1426 1152 1489 mortem
1167 1411 1378 1486 fortunatos.
1417 1435 1451 1485 a.
1466 1412 1602 1506 Judicia
1614 1417 1690 1489 Dei

526 1516 564 1589 in
583 1514 710 1608 impios
731 1515 769 1587 in
790 1511 860 1584 hoc
878 1509 996 1584 seculo
1018 1531 1094 1582 non
1113 1507 1252 1581 necesse
1270 1510 1422 1583 habebat
1443 1510 1481 1583 in
1493 1510 1691 1586 sanctuario

525 1610 682 1700 discere,
708 1608 767 1683 sed
787 1631 832 1681 ex
852 1607 1072 1702 superiorum
1094 1622 1298 1701 temporum
1314 1599 1552 1701 experientia,
1577 1631 1619 1680 ac
1632 1605 1687 1683 so·

524 1710 567 1783 lis
588 1706 782 1783 ratiociniis
803 1705 906 1778 facile
929 1702 1143 1801 cognoscere
1159 1718 1318 1797 poterat:
1342 1704 1401 1777 hic
1414 1705 1486 1802 agit
1501 1706 1545 1777 de
1559 1703 1688 1779 touri-

524 1828 572 1881 na
591 1827 735 1895 arcana,
761 1803 798 1877 in
817 1800 1014 1875 sanctuariis
1034 1800 1104 1873 Dei
1119 1816 1257 1876 cannam
1270 1800 1360 1874 tradi
1374 1800 1493 1891 solita,
1519 1803 1554 1875 ἃ
1567 1825 1588 1874 a
1600 1801 1687 1877 Deo

524 1902 602 1997 ipso
617 1899 797 1988 docenda,
824 1914 864 1972 ut
878 1921 961 1973 mox
976 1898 1099 1974 dicam.
1126 1921 1160 1993 3.
1176 1898 1271 1997 Quia
1283 1898 1321 1973 in
1334 1897 1405 1992 seq.
1419 1900 1523 1973 unice
1537 1900 1686 1995 aginae

503 2049 505 2055 -
524 2000 616 2074 hanc
635 1996 827 2073 doctrinam
841 1994 1078 2070 illustrandam
1092 1996 1127 2067 dt
1142 1997 1179 2069 in
1193 1994 1274 2069 usus
1289 1994 1368 2071 suos
1386 1998 1615 2086 vertendam,
1639 1998 1705 2071 de⁴

524 2097 717 2191 impiorum
736 2094 869 2185 exiti0,
902 2092 938 2165 oz
959 2094 1101 2187 piorum
1122 2091 1251 2181 salute,
1275 2093 1313 2165 in
1333 2092 1458 2167 futuro
1472 2092 1592 2167 seculo
1605 2094 1684 2188 post

527 2192 823 2267 resurreffionem
844 2190 877 2263 dc
894 2190 1068 2281 judicium
1090 2191 1275 2280 ultimum,
1301 2207 1340 2263 ut
1356 2189 1419 2263 suo
1435 2191 1518 2264 loco
1532 2192 1682 2284 patebit.

515 2290 612 2363 Haec
636 2286 862 2383 nruffmaim
888 2288 1022 2374 iorum,
1048 2288 1084 2360 in
1098 2308 1174 2380 quae
1187 2285 1263 2361 vita
1277 2284 1450 2378 ipsorum,
1475 2302 1593 2359 morte
1606 2284 1683 2361 fini·
1709 2364 1714 2371 ,

522 2396 586 2472 ta,
612 2404 717 2475 quam
760 2310 886 2456 lorioti
905 2382 1013 2456 etiam
1029 2382 1242 2477 &prospera
1262 2380 1399 2470 fuiffet,
1412 2382 1555 2459 tandem
1568 2382 1685 2459 exiret

522 2476 715 2582 miserrima
728 2406 763 2552 ξ
777 2476 959 2573 pudenda,
974 2502 1051 2573 quae
1064 2501 1147 2553 mox
1162 2480 1321 2577 depingit
1334 2480 1551 2572 accuratius,
1570 2481 1685 2556 decla·

522 2590 577 2651 rat
596 2575 631 2650 se
657 2574 802 2671 distiaiie
822 2573 1013 2674 intellexiffe
1033 2578 1067 2651 dt
1090 2591 1200 2651 certo:
1244 2600 1349 2671 quarn
1369 2578 1549 2677 emphafin
1566 2578 1686 2654 adfert

521 2674 677 2749 verbum
712 2674 796 2750 n&
829 2700 901 2766 ram,
926 2674 1027 2767 cujus
1049 2676 1247 2772 proprietas
1270 2675 1381 2752 estin
1401 2699 1441 2750 re
1461 2698 1527 2769 per
1546 2678 1686 2752 medium

512 2768 671 2869 fironda,
697 2702 757 2848 ieu
777 2698 931 2862 fidione,
956 2772 991 2845 dc
1012 2773 1094 2850 inde
1107 2772 1300 2863 divitione3
1327 2774 1421 2847 unde
1434 2772 1477 2843 ad
1489 2774 1601 2881 intelli
1624 2797 1688 2849 en·

522 2868 608 2946 tiam
631 2872 839 2949 interiorem
859 2868 1014 2959 transiit,
1039 2895 1107 2964 qua
1118 2873 1210 2943 acies
1222 2868 1352 2938 mentis
1365 2887 1441 2935 rem
1457 2866 1574 2936 veluti
1602 2880 1684 2941 ccat

435 3018 438 3031 ·
519 2968 684 3041 mediam.
734 2966 913 3063 Significat
932 2967 1071 3054 itaque,
1104 2964 1139 3033 se
1154 2974 1257 3032 antea
1274 2957 1416 3047 quidem
1437 2953 1566 3048 aliquid
1580 2981 1622 3035 ea
1637 2962 1684 3035 de

521 3082 563 3133 rc
583 3060 771 3147 audiviffe,
804 3057 1085 3144 timuerim,
1116 3054 1176 3128 sed
1195 3050 1344 3126 confuse
1366 3053 1401 3127 dt
1421 3051 1528 3127 dubie
1549 3057 1692 3155 magis,

520 3175 619 3229 nunc
641 3177 729 3228 vero
754 3156 859 3251 longe
880 3154 1073 3226 certiorem
1097 3150 1410 3225 &accuratiorem
1434 3151 1510 3244 ejus
1527 3156 1683 3251 accepis.

519 3246 556 3326 se
584 3249 772 3339 notitiam,
813 3272 890 3343 quae
918 3248 1061 3342 plenam
1087 3249 1214 3322 adtulit
1241 3248 1347 3323 animi
1375 3249 1681 3344 acquiescentiam.

518 3346 589 3425 Sed
611 3346 691 3441 ubi,
715 3347 750 3420 dc
772 3347 890 3437 unde,
910 3346 1001 3421 hanc
1023 3344 1217 3421 doctrinam
1229 3344 1368 3422 haufit?
1392 3346 1546 3421 iliudhis
1562 3353 1683 3426 verbis

517 3445 671 3537 indicat,
702 3444 819 3521 donec
839 3448 970 3518 intravi
974 3442 1168 3541 farinaria
1185 3442 1266 3519 Dei.
1313 3443 1406 3545 Quae
1418 3446 1681 3540 metaphorica,

518 3546 580 3619 vel
601 3542 748 3642 figurata
760 3541 813 3616 est
825 3543 859 3617 dt
873 3540 1037 3635 mystica,
1052 3542 1199 3637 phrasis,
1224 3544 1268 3617 ab
1283 3540 1434 3642 ingressu
1448 3540 1627 3620 Pontificis
1641 3548 1680 3623 in

518 3638 673 3718 santium
700 3640 896 3716 sardorum
925 3661 1008 3717 cum
1030 3642 1176 3717 oraculo
1202 3638 1305 3715 Urim
1334 3640 1594 3730 &Tummim,
1634 3643 1679 3717 ad

518 3741 662 3815 oracula
686 3732 756 3815 Dei
775 3737 967 3829 audienda,
991 3738 1123 3833 petita,
1147 3752 1188 3813 ut
1206 3758 1290 3812 cum
1303 3759 1377 3813 uno
1390 3738 1552 3814 alterove
1566 3738 1679 3815 existi·
1757 3821 1764 3838 Ι

468 3904 472 3912 .
516 3860 598 3927 mo,
625 3838 710 3913 licet
724 3839 780 3913 alii
794 3839 894 3914 aliter
907 3834 1060 3911 statuere
1074 3835 1220 3911 soleant.
1257 3832 1586 3929 Phrafissanuuarra
1606 3838 1677 3913 Dei

514 3957 581 4007 noe
603 3958 676 4009 non
696 3951 835 4011 tantum
850 3960 896 4011 eo
911 3934 1030 4026 ducit,
1055 3955 1182 4009 verum
1195 3930 1387 4020 institutio,
1405 3932 1462 4003 ibi
1476 3931 1615 4025 hausta,
1630 3936 1675 4011 de

513 4032 583 4105 adio
604 4052 679 4103 non
696 4032 827 4121 patitur
841 4032 1007 4127 cogitare.
1022 4030 1024 4036 '
1039 4032 1235 4106 &aduatici
1248 4026 1318 4101 Da·
1330 4024 1676 4207 excellentiffimurrp‘,
