3900 5117
293 410 295 415 ¹
428 492 493 545 an
566 464 942 547 asana.
1012 438 1207 546 nxvnr:
1251 490 1336 565 19„
1398 485 1466 573 ¹43

286 670 551 753 exaltationem
563 686 650 745 vero
665 670 810 765 proprie
830 668 865 743 u
886 684 978 743 vero
997 664 1060 741 suo
1074 665 1177 741 sensu
1190 664 1380 759 referenda
1393 668 1464 747 lint

287 774 428 861 verba,
454 791 533 863 quae
553 767 700 860 Spirittu
719 768 780 862 ipsi
800 768 838 843 in
858 787 923 841 ore
940 764 1062 851 dedit,
1088 767 1148 837 vel
1164 765 1301 839 calamo
1315 787 1468 842 exarare·

281 870 392 948 iecit.
446 868 566 942 Poeta
580 865 701 958 ltaque
714 866 879 959 Spiritus,
895 866 963 958 .qui
977 862 1202 961 ipsumegit,
1227 866 1341 937 verba
1355 865 1462 957 inspi-

285 969 416 1058 ravit,
453 986 532 1061 ¹quae
554 962 597 1037 ad
620 984 687 1036 eos
707 962 803 1037 calin
820 962 1081 1039 adcommodati
1101 961 1246 1055 quidem
1268 976 1460 1057 poterant,

284 1065 351 1143 sed
382 1086 466 1139 vera
494 1062 554 1137 sua
585 1060 743 1155 emphafi
770 1057 901 1135 Meuia
929 1062 1180 1136 exaltationem
1210 1060 1458 1137 delinearunt:

282 1163 377 1241 adeo
390 1176 432 1237 ut
445 1174 564 1256 poetae
577 1159 723 1253 quidem
740 1157 941 1254 permiserit
953 1161 1065 1235 verba
1074 1158 1262 1253 proferre,
1286 1181 1366 1253 quaa
1378 1158 1460 1233 illos

285 1258 382 1337 casus
405 1259 587 1335 delineare
607 1272 690 1351 apta
703 1272 828 1346 erant,
852 1254 915 1331 led
929 1277 972 1329 ea
985 1258 1120 1331 ratione
1134 1256 1370 1345 concinnata,
1396 1274 1459 1346 ut,

284 1358 434 1453 Spiritus
447 1358 484 1433 S.
498 1354 607 1450 scopo
621 1356 907 1443 convenienter,
934 1351 1071 1427 Meffiae
1086 1354 1336 1431 exaltationem
1349 1356 1458 1453 longe

286 1456 493 1535 darioribtn
520 1452 750 1548 depinxerint
775 1451 969 1527 coloribus.
1033 1451 1163 1550 Quod,
1199 1450 1288 1527 ficut
1316 1476 1337 1525 a
1363 1450 1458 1546 stylo

311 1554 541 1649 rophetarum
555 1574 633 1627 non
646 1550 700 1625 est
713 1551 884 1637 alienum,
914 1547 1228 1641 quiuntteralem
1247 1547 1457 1643 &spiritua-

283 1576 355 1727 ξω
368 1652 505 1726 habent
516 1647 663 1725 subinde
680 1646 841 1738 sensum,
864 1644 1013 1721 utitatis
1026 1644 1184 1736 constat,
1208 1648 1260 1722 ita
1272 1646 1356 1721 huic
1373 1650 1458 1722 loco

284 1751 404 1827 multo
424 1749 700 1824 convenientius
720 1746 791 1837 est,
818 1769 891 1819 cum
905 1742 1146 1840 qundMeffiae
1160 1745 1350 1834 exaltatio,
1376 1743 1458 1839 post

285 1869 379 1943 opus
400 1846 520 1922 salutis
542 1846 750 1940 perustum,
787 1843 899 1919 fuerit
927 1838 1006 1917 finis
1029 1841 1065 1915 a
1083 1842 1358 1917 fitndamentum
1381 1866 1457 1919 om-

284 1946 389 2023 nium
408 1944 557 2018 illontm
573 1942 943 2029 illustriumcasuum,
981 1939 1044 2034 qui
1075 1939 1204 2013 Veteri
1224 1940 1360 2035 populo
1382 1940 1456 2015 Dei

284 2044 547 2142 contigerunt,
583 2042 627 2117 de
654 2066 728 2137 quo
750 2042 831 2116 alibi
857 2040 902 2115 ad
920 2039 1015 2112 Dan.
1040 2034 1152 2111 fufius
1179 2034 1345 2128 diremi,
1383 2053 1455 2115 tum

284 2142 389 2235 quod
414 2161 537 2215 omnes
561 2140 598 2214 hi
626 2139 745 2231 casus,
783 2138 828 2213 ad
859 2159 949 2234 quos
972 2134 1127 2233 digitum·
1140 2135 1295 2210 intendit
1323 2151 1453 2231 poeta,

283 2234 422 2317 Meffiae
440 2238 738 2329 exaltationem,
776 2234 858 2334 post
893 2235 1119 2328 impetratam
1151 2231 1301 2310 salutem
1328 2237 1456 2329 populi

281 2334 436 2426 fastam,
454 2338 571 2431 typice
587 2336 832 2431 expinxerint;
847 2333 900 2409 uti
917 2348 1045 2406 notum
1058 2329 1127 2420 est,
1140 2332 1176 2404 dt
1188 2333 1271 2406 alibi
1289 2332 1456 2407 soletex.

334 2433 386 2505 ni.
445 2430 647 2529 Facillimus
675 2434 795 2527 itaque
822 2430 894 2506 fuit
919 2426 1083 2503 transitus-
1115 2428 1452 2505 amanifestatione

285 2524 1453 2721 &trasmundi

280 2720 373 2797 fiam
388 2716 605 2810 exaltatum,
622 2722 817 2817 &regnum
827 2726 902 2815 eiua
917 2724 1072 2799 ereetum
1084 2723 1122 2799 in
1134 2676 1272 2814 coelist’
1280 2749 1327 2801 eo
1340 2730 1452 2804 etiam

275 2817 454 2929 fecilior,
477 2818 574 2912 quod
596 2818 642 2890 de
662 2818 737 2891 lroc
753 2817 828 2911 ipso
839 2834 961 2893 monte
974 2819 1132 2910 Taena,
1156 2824 1334 2925 velparte
1346 2844 1451 2897 mon-

275 2916 351 2993 mni
375 2913 692 3009 iherosolymltanr
715 2914 829 2991 fuerit
853 2917 1035 3015 gloriose,
1074 2919 1110 2993 ἃ
1128 2916 1454 3013 triumphabunde,

276 3013 531 3189 ffiffindbm
549 3012 778 3111 Angelorum
796 3013 933 3108 choris,
964 3018 1004 3093 in
1026 3018 1172 3140 coelum
1193 3014 1362 3095 sublatus:
1395 3019 1452 3098 uti
1500 3024 1509 3035 ’

292 3274 297 3283 .
328 3215 360 3303 §.
380 3208 456 3284 LK
494 3211 629 3324 llefero
643 3214 762 3309 itaque
776 3219 906 3306 verba,
933 3238 979 3291 ex
991 3214 1450 3315 propaaadnettaspirt.

279 3318 337 3389 tan
356 3309 420 3395 S.,
445 3313 613 3401 quinatis
635 3328 794 3389 mentem
814 3314 1041 3395 &calamum
1052 3314 1200 3403 direxit,
1225 3314 1454 3410 intentione,

277 3408 325 3481 ad
345 3404 479 3480 Melliae
493 3408 761 3500 exaltationem,
785 3415 932 3507 ejusque
947 3412 1109 3505 adjtmtia
1122 3412 1322 3504 &affatim
1348 3438 1451 3491 eorn-

279 3526 349 3597 que
364 3503 504 3587 sensum
518 3529 586 3601 pro
600 3530 691 3582 vero
706 3509 742 3583 ta
754 3510 890 3583 diretio
905 3510 1043 3597 haben,
1055 3510 1209 3585 alterurn
1223 3513 1444 3600 veroillum,

272 3598 382 3696 ¹lepra
395 3590 586 3695 traditum,
612 3628 680 3701 pro
695 3607 948 3683 emblematico
962 3628 1005 3679 ac
1019 3607 1203 3681 tenuiore:
1217 3628 1288 3678 nec
1304 3606 1376 3676 line
1390 3627 1455 3683 ur.

276 3716 386 3797 gente
403 3701 544 3777 ratione
568 3706 617 3779 ita
639 3704 777 3793 statuo,
804 3727 888 3779 cunr
901 3703 995 3777 haud
1008 3704 1114 3778 dubia
1128 3704 1203 3793 ejus
1219 3698 1290 3770 sese
1311 3700 1347 3775 in
1368 3728 1450 3783 ver·

124 3866 130 3873 .
277 3798 328 3872 bis
347 3799 510 3875 offerant
520 3801 669 3891 indicia,
696 3806 809 3877 verbo
825 3817 963 3876 tantuin
976 3797 1214 3894 proferendo
1238 3800 1454 3882 clanlnterv

272 3914 393 3991 protes
413 3899 477 3973 hic
496 3898 572 3973 satis
591 3901 720 3994 prolixi
743 3900 829 3983 tint,
858 3900 925 3989 qui·
940 3896 1076 3971 consuli
1098 3904 1287 3982 poterunt.
1330 3920 1360 3972 r.
1376 3906 1452 3977 Pri.

135 4048 139 4053 ·
271 4014 372 4076 mum
394 3998 584 4075 criterium
595 3996 648 4072 est
659 3995 950 4088 indescriptinne
965 3989 1102 4067 motos
1113 3985 1254 4065 Tamis
1265 3990 1356 4068 vers.
1371 4004 1454 4092 183,

274 4122 280 4169 ι
1370 4121 1458 4195 quae
