3900 5117
430 584 494 666 Αἰ)
566 583 594 659 Ρ
641 578 665 657 S
713 580 748 655 ll
796 578 828 653 L
876 578 931 655 M.
1005 576 1162 660 LXXXI:
1188 580 1318 682 ro‘,13.
1394 510 1464 681 ils

293 789 423 868 malam
447 800 554 870 rem,
590 792 682 853 eant.
734 774 821 850 Duo
850 776 987 849 versus·
1001 799 1043 851 ea
1068 779 1204 855 ratione
1227 782 1288 857 libi
1316 784 1460 883 respon·

295 892 403 971 dent,
435 898 475 953 ut
496 876 669 972 posterior
688 872 730 946 lit
750 876 876 966 prioris
896 874 1137 968 consequens,
1172 878 1336 972 priorque
1358 885 1458 979 caroso

293 984 329 1057 dt
351 978 617 1062 antecedentis,
650 969 824 1065 posterior
846 966 997 1063 effeetus,
1031 974 1191 1065 adeoque
1212 977 1271 1049 ille
1293 984 1457 1069 peccati,

292 1082 351 1153 iric
366 1096 498 1171 poenae,
524 1073 581 1145 vel
595 1068 748 1165 proximi
761 1084 900 1155 reatus,
920 1088 993 1158 quo
1010 1070 1084 1157 quis
1100 1070 1261 1161 aJudice
1274 1096 1385 1166 poenae
1399 1079 1458 1151 ad.

291 1178 440 1260 dicitur,
472 1173 564 1243 ferat
584 1163 832 1259 conspeilum3
855 1184 960 1255 quam
982 1161 1195 1256 potestatem
1219 1170 1308 1262 sape
1324 1173 1455 1251 habent

159 1334 166 1343 .
288 1276 362 1349 duo
376 1269 439 1361 ff,
453 1267 513 1340 fibi
527 1262 799 1362 respondentia,
815 1277 943 1336 utrum
956 1259 991 1333 dt
1006 1274 1104 1349 tunc,
1119 1266 1195 1356 quia
1210 1263 1346 1359 uideo,
1359 1273 1455 1367 apud

290 1372 368 1450 Lat.
743 1368 747 1380 ’
1026 1438 1029 1447 .
1147 1391 1150 1397 ’
1406 1442 1409 1450 .

335 1475 367 1561 q.
383 1464 528 1553 XXVII.
556 1461 701 1536 Crimen
721 1458 868 1555 populi,
894 1457 991 1551 quod
1010 1470 1082 1533 tam
1097 1455 1193 1531 triste
1211 1458 1316 1535 habet
1331 1468 1451 1542 cond.

284 1588 415 1663 quens,
441 1560 573 1655 duplici
587 1555 698 1651 phrali
712 1556 906 1654 proponit,
919 1556 1029 1629 altera
1041 1556 1149 1629 ultera
1163 1554 1337 1647 fortiore,
1353 1567 1455 1654 prior

282 1665 551 1747 inobedientiam,
573 1656 608 1728 dt
628 1652 801 1748 posterior
821 1653 896 1744 ejus
920 1658 1117 1747 principium
1138 1652 1376 1749 &qualitatem
1391 1680 1448 1733 eu.

281 1762 414 1857 primit.
464 1754 718 1828 lnoledienn'om
742 1748 1013 1842 comprehendit
1037 1748 1193 1843 phralls,
1229 1774 1293 1825 non
1324 1752 1446 1850 onscnl.

197 1861 202 1869 ’
281 1872 353 1931 tore
378 1860 452 1929 uoci
477 1850 626 1950 Jehooae.'
677 1845 760 1920 Non
782 1848 935 1936 modion,
960 1846 1048 1929 dicit
1067 1846 1185 1937 Deus,
1218 1872 1326 1923 uocem
1345 1874 1452 1927 meam

316 1958 416 2050 polus
439 1972 549 2038 mens,
574 1965 747 2019 neceam
772 1942 816 2016 ad
840 1943 1244 2034 animumrevocando,
1270 1968 1339 2020 nec
1364 1970 1443 2027 earn

279 2046 500 2147 proeliando,
514 2041 725 2133 'sesequead
737 2062 816 2115 earn
829 2039 1110 2141 conformando,
1137 2040 1304 2136 tanquam
1316 2046 1395 2119 vitae
1411 2046 1448 2121 dt

278 2144 460 2242 religionis
473 2151 644 2216 normam.
697 2134 999 2231 VoxJehovaehic
1014 2137 1212 2215 universam
1229 2145 1257 2213 le
1281 2164 1352 2231 ent,
1365 2166 1444 2239 par.

280 2244 345 2319 tim
363 2240 532 2314 divinitus
547 2238 594 2312 de
606 2251 732 2311 monte
745 2234 1034 2328 pronuntiem,
1059 2237 1188 2328 partim
1200 2239 1213 2329 j
1314 2240 1439 2317 divino
1547 2284 1586 2295 ,.

358 2335 488 2411 Mosen
500 2337 702 2422 latam‚una
716 2353 800 2407 cum
814 2328 1148 2425 promillisdtmt'nt'r,
1157 2336 1444 2429 conprehendit.

277 2362 478 2529 Keriplcitur
497 2432 542 2505 ad
562 2428 652 2503 vers.
672 2452 705 2523 9.
736 2431 816 2502 audi
834 2433 951 2527 popule
971 2436 1018 2502 mi
1037 2430 1070 2503 dt
1092 2428 1286 2524 corripiatur
1308 2448 1363 2506 te:
1396 2433 1441 2508 de

278 2556 351 2628 quo
372 2532 473 2625 supra
491 2528 575 2603 dixi.
625 2526 800 2617 Additur,
834 2524 879 2611 θ
899 2524 1006 2600 Israel
1029 2531 1112 2601 milri
1131 2531 1336 2621 nonoolot't,
1360 2555 1441 2626 pro·
1508 2582 1510 2585 .

278 2634 356 2726 prie
380 2645 481 2725 prono
494 2623 592 2722 flexu
609 2626 652 2696 ad
670 2649 720 2699 me
741 2628 831 2710 luins
852 2648 917 2698 non
934 2620 1033 2714 fuit„
1073 2624 1161 2699 Haee
1180 2627 1278 2701 enirn
1296 2631 1444 2722 propria.
1546 2646 1561 2675 '-

131 2773 138 2790 ·
277 2727 379 2803 verbi
404 2754 467 2801 nau
499 2721 655 2819 potestas
670 2720 748 2810 est,
783 2744 860 2814 quae
880 2720 968 2813 Job.·
986 2742 1032 2795 nt.
1047 2721 1098 2794 'in
1115 2726 1265 2798 navibus
1282 2724 1443 2803 secundo

276 2824 442 2900 vento&
462 2822 609 2897 fitnn'nre
633 2819 714 2891 latis
733 2814 913 2907 superest,
938 2819 1136 2905 proprietas
1151 2818 1326 2889 varoell'e
1339 2821 1437 2893 vide-

274 2936 332 2998 tur
355 2925 392 2997 in
415 2926 607 2994 counione
620 2912 733 3009 flexa,
754 2912 819 2985 Gr.
843 2910 989 2994 κόπτειν,
1026 2910 1119 2981 unde
1142 2910 1176 2981 dt
1197 2908 1277 2999 Lan
1302 2927 1437 3007 rupen,

149 3052 155 3067 ,
273 3020 369 3092 unde
388 3019 434 3089 ad
450 3033 588 3112 promam
605 3009 781 3085 adsedinrn
803 3010 842 3082 in
866 3006 1020 3098 aliquem
1051 3005 1108 3077 vel
1131 3005 1261 3098 aliquid
1280 3008 1434 3100 transiit,

275 3113 428 3203 indeque
449 3110 519 3197 est,
540 3111 640 3202 quod
651 3108 851 3181 derivatum
863 3104 966 3195 huJus
980 3102 1083 3177 verbi
1097 3100 1231 3177 Patrem
1248 3102 1451 3200 fignificatr

273 3209 310 3282 n
323 3206 372 3281 fic
383 3206 427 3276 ad
447 3204 603 3294 desiderio
615 3204 796 3277 tranfitum
811 3203 920 3289 fecit,
944 3198 1038 3275 unde
1050 3206 1206 3296 pauperis
1218 3201 1256 3274 dt
1266 3224 1358 3296 egem
1371 3202 1435 3292 flu,

272 3310 327 3381 xit
348 3302 474 3388 notio,
488 3318 608 3393 quenl
644 3299 778 3372 'nsdem
790 3300 891 3372 verbi
903 3299 1102 3372 derivatum
1117 3298 1293 3373 continet.
1342 3298 1433 3378 Indi-

272 3394 373 3478 catu'r
401 3400 522 3489 itaque
578 3390 627 3464 r.'
657 3393 806 3467 sraelem
831 3392 935 3468 nullo
952 3393 1053 3469 iuiffe
1073 3395 1111 3471 ia
1132 3394 1251 3469 Deum
1273 3382 1437 3488 adside,

272 3500 479 3588 nullumque
493 3490 625 3565 amoris
638 3487 710 3561 Dei
723 3488 856 3585 signum
870 3491 1015 3567 dediffe,
1054 3514 1097 3565 a.
1123 3490 1221 3565 nullo
1236 3491 1431 3585 Denejn.

272 3610 340 3694 que
363 3591 535 3686 fauoris,
569 3584 741 3659 defiderio
774 3584 874 3657 tuille
907 3587 1032 3663 latum.
1082 3610 1114 3679 3.
1139 3587 1234 3675 Sed,
1277 3606 1402 3664 eontra
1418 3642 1437 3681 ,

271 3696 375 3783 Deo‘,
406 3689 552 3780 ejusque
572 3683 704 3771 cultui,
729 3680 897 3776 &glorie
911 3682 1153 3769 renuncioss'e,
1174 3704 1242 3757 nee
1254 3684 1360 3761 ullam
1375 3710 1431 3761 uo-

270 3793 418 3867 luntatis·
433 3783 562 3858 divinae
579 3779 738 3855 habuille
754 3780 940 3852 rationem.
996 3776 1164 3853 Ceterum
1186 3779 1336 3871 emphasi
1356 3806 1435 3863 non

270 3903 387 3975 earet,
412 3879 667 3977 quodnomina
683 3880 798 3972 populi
809 3876 878 3949 Dn'
900 3876 935 3949 dt
955 3872 1090 3947 Isroolir
1106 3876 1278 3969 ‚expelle
1295 3902 1427 3959 memo.

253 3974 413 4072 'rantun
442 3999 526 4053 curn
545 3993 693 4068 pravum
707 3996 832 4047 eorum
847 3971 1047 4051 institutum
1061 3971 1212 4065 per-ipsa
1227 3996 1269 4047 ea
1286 3982 1437 4057 nomina

270 4080 500 4179 adgravetur,
528 4072 563 4151 δι
582 4072 734 4171 populu
753 4071 794 4150 vi
810 4068 1003 4147 nominum.
1010 4090 1137 4153 cortun
1148 4070 1195 4153 de
1210 4076 1437 4169 tupitudine

834 4166 943 4247 Rrrr
969 4190 993 4264 3
1395 4178 1434 4251 da
1647 4194 1651 4201 “

1523 1022 1527 1065 l
