3900 5117
565 573 635 661 648
743 526 1571 653 comnenu'rnurus

565 765 760 861 Euphrates
777 761 811 833 de
826 780 922 835 mare
936 759 1235 835 mediterraneum
1248 770 1454 851 ponuntur,
1479 754 1533 830 uti
1547 755 1657 835 Deut
1674 783 1737 838 rr:

564 856 622 954 '24
647 859 718 955 Jol
736 881 767 934 1:
782 882 818 950 4.
844 875 921 933 tum
937 857 1177 953 Euphrates&
1191 854 1317 944 Nilus,
1344 854 1404 929 seu
1411 852 1545 949 fluvius
1558 855 1736 953 Aegypti,
1847 946 1850 953 Ι

562 962 656 1033 Gen.
678 980 735 1031 xv:
763 962 818 1032 18.
845 957 904 1049 qui
926 955 1056 1029 limites
1089 952 1191 1028 reni
1218 952 1413 1027 Salomonis
1442 948 1736 1047 constituuntur,

566 1057 684 1153 1Reg.
700 1078 735 1129 v:
756 1076 785 1127 1.
814 1052 1039 1127 2Chron.1x:
1058 1054 1115 1125 26.
1130 975 1222 1123 {lec
1235 1050 1272 1125 in
1288 1073 1333 1123 eo
1351 1046 1534 1122 difficultas
1550 1048 1621 1139 est,
1637 1056 1736 1146 quod

563 1152 668 1227 Nilus
683 1175 771 1226 more
785 1150 1002 1243 appelletur,
1027 1148 1062 1223 u
1078 1148 1276 1243 Euphrates
1288 1144 1442 1242 fluvius,
1467 1144 1514 1218 sre
1527 1148 1625 1223 enim
1648 1147 1734 1227 alibi

563 1250 762 1342 Euphrates
784 1246 847 1323 sub
869 1252 973 1322 moris
994 1246 1140 1321 nomine
1163 1246 1284 1336 venit,
1316 1242 1477 1318 &Nilus
1502 1270 1561 1318 aa·
1573 1242 1733 1341 fluuius,
1811 1262 1814 1273 ’

562 1349 600 1422 in
615 1345 736 1421 illustri
752 1346 858 1435 loco,
883 1344 990 1419 zacn
1006 1366 1038 1418 x.
1058 1365 1115 1432 10,
1134 1365 1187 1418 rr.
1633 1384 1638 1391 -
1716 1382 1719 1387 -

612 1449 645 1535 §.
660 1441 773 1521 LXV.
802 1441 980 1515 Ceterum
995 1440 1130 1529 sensus,
1147 1462 1190 1514 ex
1206 1439 1304 1515 diuis
1317 1441 1600 1553 profluens,huc
1613 1444 1734 1536 redit,

562 1538 1731 1747 llllllllllllllllllhlhllrslllllhffhalss

562 1736 660 1811 sedes
676 1757 718 1809 ae
734 1734 914 1814 domicilia
926 1732 1100 1823 fixurum,
1123 1732 1271 1827 suosque
1285 1734 1487 1809 habrturum
1501 1740 1590 1807 cives
1609 1736 1645 1808 dt
1666 1758 1730 1829 po·

561 1835 700 1929 pulares
714 1831 750 1905 in
764 1833 851 1905 loeis
860 1881 873 1919 ,
882 1854 960 1925 quae
973 1830 1017 1903 ad
1032 1852 1128 1904 mare
1142 1830 1449 1905 Mediterraneum
1463 1831 1731 1929 pertingerent,

561 1933 597 2005 dt
611 1930 655 2003 ad
669 1928 899 2023 Euphratem.
950 1927 1057 2001 Unde
1071 1942 1192 2023 patet,
1217 1930 1297 2002 loca
1312 1926 1475 2020 huyne,
1500 1926 1731 2022 Babylonie,

560 2027 668 2121 Syrie
687 2025 754 2100 dte.
779 2048 856 2120 quae
876 2024 1075 2120 Euphrates
1096 2025 1216 2113 alluit,
1240 2025 1276 2098 dt
1291 2026 1458 2100 abaltera
1470 2024 1570 2119 parte
1586 2028 1727 2125 Aegyp-

561 2140 659 2215 tum,
679 2124 788 2199 etiam
800 2120 891 2197 Afiae
907 2124 992 2199 nim.
1009 2120 1156 2197 tradiurn
1171 2123 1388 2209 maritimum
1398 2122 1444 2195 ad
1455 2125 1727 2199 oraremediter·

561 2244 729 2310 raneunr,
741 2220 914 2319 intelligi,
940 2220 993 2311 u,
1015 2244 1088 2314 quo
1103 2236 1265 2313 tempore
1279 2220 1330 2294 Pr
1348 2217 1570 2314 consuipms
1584 2218 1652 2308 est,
1666 2222 1726 2314 Ju.

560 2321 658 2393 daeos
679 2338 744 2411 per
765 2340 890 2393 omnes
910 2320 985 2393 illas
1005 2334 1116 2391 terras
1139 2314 1241 2391 fuisse
1262 2314 1424 2391 diffusos:
1456 2318 1554 2411 quod
1575 2339 1648 2391 non
1661 2318 1726 2393 nid

408 2428 440 2509 J
560 2415 640 2511 post
654 2415 798 2490 erilium
811 2414 948 2509 Babyl,
974 2414 1010 2487 u
1024 2413 1102 2508 post
1116 2434 1265 2511 regnum
1278 2413 1452 2489 Perfieum
1468 2412 1725 2493 destmiiumin

559 2510 715 2606 emphafi
732 2512 892 2609 contigit.
930 2510 1001 2586 Sed
1015 2509 1095 2602 post
1107 2511 1251 2585 exilium
1266 2511 1389 2610 ingens
1400 2511 1602 2606 Judaeorum
1622 2515 1725 2609 coph

558 2611 599 2684 in
620 2611 787 2707 Aegypto
808 2605 959 2696 manfit,
990 2606 1183 2701 &Assyria
1204 2630 1245 2681 ac
1263 2608 1483 2702 Babylonia,
1515 2607 1644 2683 deinde
1664 2610 1723 2686 suh

556 2706 695 2806 Lagidis
710 2707 743 2779 dt
756 2704 947 2779 Seleucidis
961 2702 1033 2779 sese
1048 2726 1114 2800 per
1129 2702 1246 2780 Aliam
1260 2704 1294 2778 u
1307 2704 1511 2805 Aegyptum
1525 2708 1634 2803 magis
1654 2730 1723 2783 ma.

610 2828 679 2900 que
701 2801 985 2892 dilleminarunt,
1004 2816 1051 2879 ,ut
1070 2824 1115 2877 ex
1130 2800 1267 2903 Josepio
1281 2803 1315 2877 u
1328 2802 1424 2877 libr.
1440 2802 1599 2879 Maccab.
1613 2806 1723 2881 nous
1849 2876 1851 2889 ,

620 2927 681 2979 um
701 2900 763 2977 eE
806 2899 921 3003 Quod
934 2900 1068 2994 majore
1083 2902 1189 2998 longe
1204 2898 1354 2992 emphasi
1367 2898 1587 2975 Maccabaeae
1597 2902 1724 2993 imple·
1848 2972 1850 2987 ,

556 3016 637 3174 {lxm
656 2998 709 3073 est
727 3001 967 3092 temporibus,
1000 2998 1132 3093 quippe
1152 2996 1277 3092 quibu
1290 2996 1421 3090 ubique
1437 3010 1607 3073 terrarum
1618 2994 1723 3074 sedes

613 3110 729 3171 erunt.
900 3126 904 3132 ·
1209 3156 1212 3163 .
1468 3157 1471 3167 .
1523 3157 1527 3167 -
1579 3124 1582 3131 ’
1692 3134 1711 3145 ’-

611 3199 643 3281 §.
658 3191 787 3265 LXVI.
812 3191 883 3266 Sed
902 3192 1038 3291 infigne
1059 3214 1209 3271 acumen
1230 3195 1326 3291 quod
1345 3196 1519 3275 medeae
1540 3197 1723 3298 mugitu,

557 3284 698 3387 identio
712 3288 974 3365 involvendum·
985 3314 1059 3367 non
1074 3290 1145 3384 est,
1170 3296 1320 3371 maxime
1336 3298 1517 3373 cumillud
1531 3296 1642 3392 ipsum
1657 3296 1721 3371 ob·

554 3382 738 3462 servatum
759 3384 1164 3483 difficultatemaliquam
1178 3394 1304 3469 tollere
1317 3396 1472 3483 poterit,
1499 3416 1603 3489 quam
1626 3393 1721 3468 exilii

556 3484 679 3578 Babyl.
702 3482 861 3583 negleua
883 3486 1021 3561 mentio
1036 3505 1161 3563 contra
1175 3490 1328 3568 nostram
1340 3492 1549 3587 hypothesin
1564 3492 1611 3565 de
1622 3492 1722 3567 eom·

551 3582 657 3680 politi
671 3578 722 3660 Ps.
738 3601 900 3678 tempore
915 3582 1121 3680 suppeditat.
1173 3586 1325 3663 Videtur
1339 3589 1424 3661 mihi
1438 3590 1493 3661 vir
1506 3588 1648 3665 Sanetus
1661 3588 1722 3663 hic

555 3678 647 3754 illud
666 3682 810 3756 exilium
832 3682 869 3756 in
889 3683 1002 3757 oeulis
1025 3684 1198 3772 habuiile,
1226 3685 1386 3777 illudque
1400 3684 1723 3785 infigniprudentia

558 3774 747 3874 iubenum
761 3778 972 3855 &favorem
987 3780 1085 3855 suum
1100 3778 1266 3872 vertisse,
1291 3802 1338 3856 ne
1356 3805 1399 3857 ex
1414 3804 1460 3857 eo
1474 3785 1724 3883 colligeretur,
1832 3804 1833 3813 ¹

556 3872 679 3954 Deum
702 3873 736 3947 dt
751 3876 837 3949 olim
852 3879 939 3951 iram
954 3874 1050 3977 suam
1064 3878 1098 3950 in
1111 3878 1285 3975 populum
1299 3876 1479 3966 effudiffe,
1504 3882 1663 3976 adeoque
1675 3882 1727 3955 nii

556 3970 597 4044 in
617 3992 664 4042 eo
686 3969 755 4078 effe
771 3972 958 4079 paradoxi,
984 3974 1078 4065 quod
1094 3974 1237 4051 &nune
1253 3979 1421 4073 populum
1435 3974 1574 4084 affligat.
1625 3978 1725 4054 Hanc

557 4067 608 4143 ob
641 4078 820 4141 rationem
850 4065 997 4165 exdrum
1027 4071 1146 4166 Banyt
1171 4072 1232 4151 hic
1251 4070 1491 4151 confidentia
1511 4092 1549 4151 m
1568 4073 1732 4249 [αὶαιατὶἇ

559 4180 579 4233 f
1297 4197 1299 4205 ¹
1511 4210 1514 4215 ·
1632 4192 1708 4269 quo
