3900 5117
505 557 1494 685 muconnenrnnros

508 787 575 867 to,
599 770 754 868 jndici0,
785 765 844 840 sed
864 765 1012 852 futuro,
1044 780 1161 858 eoque
1180 758 1363 859 singtrlari,
1392 759 1431 834 dt
1450 762 1676 849 universalia

504 890 568 963 re,
607 891 679 963 quo
708 886 833 941 omnes
862 858 1048 950 modesti&
1074 856 1197 953 adfliili
1220 873 1313 933 terre
1344 859 1383 932 in
1412 859 1611 938 libertatem
1640 864 1677 940 dt

508 965 779 1066 prosperitatem
806 959 1060 1035 adsererentur.
1120 952 1239 1054 Quale
1258 956 1431 1050 judicium
1453 963 1676 1053 temporibus

507 1061 742 1148 Maccabaicis
756 1061 793 1134 in
808 1056 953 1154 gratiam
967 1052 1093 1147 populi
1106 1049 1240 1145 Judaei,
1256 1053 1291 1126 oc
1306 1053 1472 1148 deinceps
1487 1053 1567 1150 post
1579 1057 1674 1134 Mes-

508 1163 592 1238 siam
613 1155 874 1236 manifestatum
892 1150 983 1245 saepe
996 1151 1033 1224 in
1047 1149 1213 1224 savorem
1225 1151 1349 1245 populi
1364 1149 1516 1243 Meffiae,
1541 1151 1675 1230 exerci-

506 1255 668 1347 tamesi,
693 1254 727 1328 oz
742 1251 964 1328 exercebitur
977 1246 1113 1322 summo
1128 1246 1237 1344 gradu
1250 1245 1313 1322 sub
1327 1244 1436 1322 finem
1450 1255 1673 1328 oeconomiae

508 1353 652 1434 Meffiae.
700 1349 786 1448 Quo
809 1370 874 1422 nos
894 1345 1064 1444 generalis
1083 1342 1229 1438 phrasis,
1261 1344 1297 1418 dc
1310 1345 1495 1440 epitheton
1508 1350 1672 1427 omnium

508 1457 657 1526 tenuium
675 1447 712 1520 dt
734 1443 935 1539 adflilloncm
957 1456 1063 1514 terrae
1084 1440 1193 1515 ducit.
1249 1440 1431 1518 Memorat
1452 1466 1542 1520 vero
1562 1462 1672 1542 poeta

508 1549 580 1622 hoc
592 1545 764 1640 judicium
776 1541 868 1630 Dei,
890 1538 1114 1632 sequentibus
1127 1539 1349 1632 temporibus
1363 1540 1584 1632 habendum,
1610 1566 1672 1618 oc·
1737 1542 1739 1545 ’

508 1643 646 1720 casrone
664 1639 787 1733 judicii
808 1639 845 1711 in
865 1635 1025 1728 Assyrios
1044 1650 1209 1728 tempore
1224 1636 1378 1728 Hizlriae,
1402 1638 1484 1732 quia
1497 1637 1588 1714 istud
1602 1663 1671 1735 pro

507 1741 605 1842 ligno
627 1737 661 1812 δι
688 1736 900 1812 emblemate
921 1732 1043 1806 haberi
1064 1729 1152 1806 solet
1170 1731 1208 1808 in
1225 1736 1338 1809 verbo
1362 1736 1574 1828 prophetico
1593 1760 1671 1812 orn-

505 1843 610 1918 ninm
630 1833 852 1928 sequentium
871 1829 1086 1922 judiciorum
1103 1831 1141 1904 in
1156 1830 1302 1926 gratiam
1315 1833 1439 1925 populi
1453 1833 1536 1908 Dei.
1561 1832 1669 1910 Conf.

509 1935 578 2030 Jes
599 1955 682 2008 x1v:
699 1954 756 2024 24
777 1949 884 2002 xvir:
910 1947 965 2018 ¹4·
988 1926 1081 2000 &ad
1091 1948 1137 1999 ea
1150 1928 1229 2000 loon
1242 1925 1295 2003 Cl.
1309 1926 1483 2028 Vitringa.

561 2037 592 2124 §.
615 2026 712 2104 XlV.
760 2025 803 2100 In
816 2038 957 2122 quarta,
983 2023 1177 2114 &ultima,
1200 2023 1253 2102 Ps.
1268 2041 1391 2120 parte,
1417 2050 1495 2120 quae
1509 2027 1670 2104 adhorta·

509 2132 648 2208 tionem
669 2125 712 2199 ad
734 2123 853 2198 Deum
873 2119 1126 2197 celebrandum
1140 2119 1242 2216 super
1256 2121 1304 2198 sm
1354 2123 1416 2196 lari
1430 2125 1502 2198 hoc
1513 2127 1669 2220 iudicio,

510 2232 547 2302 tr
559 2223 683 2321 populi
697 2221 926 2307 liberatione,
953 2218 1242 2313 comprehendit,
1269 2217 1304 2292 se
1319 2241 1339 2291 e
1354 2219 1487 2311 offert,
1511 2255 1545 2298 o„
1560 2225 1670 2298 Ratio

510 2321 632 2399 Deum
651 2317 832 2406 laudandi,
858 2339 881 2390 a
901 2313 1011 2408 scopo
1032 2317 1170 2389 &vero
1183 2313 1375 2408 conspeiiu
1386 2316 1507 2409 judieii
1521 2320 1593 2392 Dei
1606 2320 1667 2393 de·

509 2419 641 2504 sumta,
667 2415 797 2508 quippe
813 2413 908 2505 qaod
920 2413 966 2485 ad
980 2411 1100 2486 Deum
1115 2412 1366 2487 celebrandum
1381 2427 1504 2487 natura
1517 2415 1576 2488 sua
1587 2430 1668 2493 ten·

508 2514 582 2603 dit,
606 2513 658 2585 his
672 2511 810 2600 verbis,
836 2509 924 2583 vers
942 2531 997 2584 11.
1011 2507 1107 2609 Quia
1121 2506 1378 2605 cxcocdrfcentic
1393 2513 1527 2584 ironicis
1544 2525 1577 2584 te
1590 2515 1670 2586 cele·

507 2613 636 2702 brabit,
661 2605 819 2700 refidrcttm
832 2602 991 2697 surmnm
1011 2611 1239 2703 circumcinges
1258 2624 1413 2705 tanquam
1433 2623 1668 2686 ornamentum.

508 2709 546 2783 h.
562 2731 594 2783 e.
645 2701 738 2781 Cum
758 2704 816 2778 hic
836 2701 945 2779 soleat
958 2701 1028 2778 else
1042 2699 1188 2791 effecius
1204 2689 1500 2782 excandescentia
1513 2706 1667 2782 hominis

508 2805 547 2881 in
567 2805 624 2879 Te
644 2801 681 2877 ἀ
699 2802 871 2900 populum
893 2817 1013 2889 tuum,
1037 2799 1113 2876 imo
1127 2802 1237 2876 totius
1251 2803 1484 2880 universitatis
1494 2804 1668 2883 excande-

508 2903 651 2978 stentiae
666 2899 828 2989 summae,
855 2914 895 2973 ut
909 2913 946 2972 te
959 2899 1124 2974 laudandi
1136 2901 1282 2984 materia
1294 2900 1496 2991 praebeatur
1510 2923 1552 2974 ea
1562 2922 1665 2975 occa-

508 2999 634 3088 stone,
669 2998 753 3072 'dum
775 3015 812 3072 te
837 2992 1027 3106 gloriosum
1047 2995 1084 3066 in
1104 2991 1392 3090 excandescentia
1413 3015 1456 3067 ea
1473 2995 1667 3095 frangenda

534 3096 666 3181 raestes,
690 3093 780 3164 adeo
801 3107 908 3164 enam
928 3101 971 3162 ut
981 3087 1043 3160 vel
1057 3085 1189 3160 summa
1202 3085 1235 3158 dt
1249 3085 1436 3163 surrbunda
1450 3091 1600 3169 hominis
1614 3096 1666 3169 ira

506 3191 613 3265 rnssar
625 3186 843 3275 ornamenti,
870 3207 941 3278 quo
954 3182 1126 3278 cingeris,
1149 3181 1309 3259 habenda
1321 3185 1372 3260 iit.
1425 3186 1665 3286 Excandesccn·

507 3292 557 3360 tia
578 3287 736 3371 bnninis,
762 3280 822 3355 seu
841 3281 983 3374 proprie
1004 3281 1055 3351 ira
1073 3277 1216 3354 estuans
1236 3280 1389 3359 hominis
1403 3288 1665 3381 cujuscunque,

507 3405 611 3476 quam
632 3378 787 3474 potentis
807 3378 913 3453 etiam
933 3375 968 3448 dt
987 3375 1099 3450 inflati
1114 3378 1289 3471 opinione
1310 3379 1389 3470 sna,
1412 3400 1567 3462 attamen
1581 3406 1663 3460 cum

507 3479 591 3556 Deo
614 3477 828 3569 comparati,
867 3475 1047 3563 inbecillis,
1084 3472 1215 3550 scilicet
1234 3477 1272 3550 in
1293 3477 1413 3554 Deum
1435 3481 1470 3553 oz
1491 3483 1663 3578 populum

506 3571 775 3746 diribitis
793 3571 1664 3748 ,tii?¹¹illinistisinstitnit

501 3765 659 3843 'faciendi
682 3767 898 3864 suppeditat,
926 3693 1008 3840 dunin
1022 3766 1122 3842 Deus
1135 3767 1216 3842 inde
1231 3763 1453 3845 occasionem
1465 3768 1575 3844 sumat
1588 3768 1661 3845 sese

506 3881 711 3960 potentem,
735 3865 863 3959 justum
884 3865 918 3939 o
938 3863 1148 3960 gloriosum,
1170 3863 1351 3959 prestandi
1370 3869 1405 3940 in
1429 3889 1471 3939 ea
1489 3869 1541 3941 ira
1554 3869 1663 3962 repri-

505 3963 651 4050 menda,
684 3962 924 4054 &punienda
975 3959 1156 4050 Additur,
1195 3965 1359 4039 oratione
1378 3962 1587 4059 scandente,
1617 3966 1662 4039 ad

496 4057 588 4130 illud
614 4059 912 4153 exaggerandum,
944 4058 1266 4134 excandescentian
1287 4083 1433 4137 omnem
1451 4061 1552 4140 simul
1572 4063 1661 4140 sum·

1569 4175 1661 4255 tam)
