3900 5117
467 684 469 692 Α
548 591 620 670 m
715 562 1527 650 commenxnnrus

554 767 652 845 seriae
667 764 737 839 suae
750 763 1006 859 descriptione,
1031 777 1132 839 utex
1148 760 1221 857 seq.
1240 758 1388 837 constat.
1437 759 1630 856 Adpellant
1645 765 1722 846 stret
1832 823 1838 846 r

550 864 766 942 calamitates
786 859 962 954 vastitates
979 875 1086 956 prum
1097 875 1218 957 parm,
1243 873 1407 932 utvoces
1420 862 1600 935 vertendae
1620 867 1717 956 sunt,

551 961 641 1036 ficut
662 958 707 1031 de
732 983 793 1033 net
805 958 915 1032 modo
936 957 1110 1046 vidimus,
1141 956 1176 1028 dc
1194 955 1240 1028 dc
1264 976 1362 1030 neten
1385 955 1429 1029 ed
1447 955 1503 1030 Ps.
1516 978 1644 1035 uxxrtt:
1663 967 1716 1038 18.

548 1077 625 1132 non
646 1054 742 1150 quod
763 1053 824 1127 diu
846 1054 1033 1144 dmarint,
1063 1069 1104 1126 ut
1124 1050 1287 1126 nonnulli
1308 1051 1474 1144 capiunt,
1503 1054 1549 1128 de
1568 1079 1644 1150 quo
1661 1059 1717 1134 hic

548 1175 625 1230 non
640 1153 776 1250 agrem,
800 1147 859 1222 sed
874 1150 970 1243 quod
983 1149 1102 1224 totalis
1114 1147 1181 1240 sit,
1201 1148 1287 1221 &in
1298 1166 1509 1240 perpetium
1523 1152 1718 1248 duratura,

547 1247 738 1325 destruetio
758 1245 883 1340 populi
903 1247 944 1320 ¹&
961 1247 1126 1321 locorum
1148 1241 1364 1333 sandtomm,
1387 1267 1463 1320 non
1476 1247 1544 1322 acu
1558 1252 1635 1324 talis
1645 1254 1716 1347 jam

547 1345 659 1434 esset,
684 1342 744 1417 sed
758 1342 853 1436 quod
865 1363 992 1440 magna
1007 1344 1079 1435 J'am
1099 1339 1249 1415 vastatio
1267 1353 1366 1430 erat,
1391 1342 1427 1415 dc
1446 1342 1484 1418 in
1504 1349 1653 1426 totalem
1675 1370 1719 1424 ac

544 1442 755 1519 continuam
775 1439 909 1530 exiret,
941 1437 1004 1514 nist
1026 1438 1124 1513 Deus
1146 1437 1382 1512 interveniat·
1408 1441 1461 1513 uti
1474 1461 1521 1514 ex
1535 1443 1626 1539 seq„
1651 1447 1717 1523 ubi

574 1535 745 1631 ropositio
766 1537 979 1632 exponitur,
1016 1531 1240 1611 manifestum
1260 1531 1335 1646 etl,
1357 1487 1392 1607 ἆ
1411 1556 1457 1608 ex
1470 1538 1562 1614 vers.
1577 1563 1613 1615 1.
1627 1563 1716 1621 con.

544 1559 729 1723 firmatur,
754 1633 836 1724 ubi,
858 1632 945 1706 illud
958 1647 1082 1729 purum
1096 1645 1215 1728 poten
1238 1627 1536 1728 fiennonposlie,
1558 1636 1714 1718 declara.

539 1745 642 1808 runt.
696 1729 755 1806 Ad
774 1729 837 1804 hae
858 1726 1061 1821 vastationes
1077 1740 1207 1822 petunt
1225 1740 1267 1802 ut
1287 1725 1386 1805 Deus
1406 1727 1530 1828 greffus
1550 1735 1714 1829 adtollat,

445 1862 447 1866 ·
499 1897 505 1912 ,
538 1827 576 1905 h.
591 1849 624 1902 e.
650 1825 813 1915 accedat,
839 1825 936 1921 quod
949 1827 1046 1922 pedes
1060 1829 1171 1899 levare
1186 1823 1339 1915 diotetr,
1369 1824 1464 1901 Gen.
1477 1849 1574 1906 xxxx:
1591 1853 1627 1907 1.
1649 1833 1714 1910 hic

530 1923 726 2025 lignamine
741 1921 948 2017 exprimitur
959 1919 1084 2021 greffur
1098 1924 1273 2012 adtollere,
1297 1922 1342 1998 ad
1355 1922 1469 2000 citum
1482 1925 1518 1999 δι
1530 1927 1707 2024 impetuo-

535 2019 636 2113 sum,
663 2042 707 2096 ac
831 2019 839 2036 ’
865 2041 948 2097 cum
964 2022 1000 2096 dt
1012 2018 1311 2115 potentislimum,
1332 2021 1503 2098 incessum
1516 2025 1709 2123 significan.

531 2118 647 2209 cium,
660 2115 766 2193 instar
806 2119 918 2208 erois,
932 2116 1016 2213 qui,
1094 2114 1196 2193 ssibus
1210 2116 1332 2191 validis
1346 2117 1386 2193 in
1397 2119 1508 2196 altum
1522 2123 1615 2215 quau
1625 2123 1708 2201 suh·
1735 2132 1742 2144 “

534 2214 637 2304 latis,
663 2215 788 2309 quibus
810 2213 916 2291 icitur
937 2215 973 2288 te
1068 2229 1148 2290 atur
1168 2215 1323 2305 humus,
1343 2213 1499 2291 citillime
1519 2217 1556 2292 dt
1573 2243 1708 2319 magno

534 2331 621 2388 cum
649 2310 799 2406 strepitu
817 2309 962 2388 incedit
1019 2310 1107 2386 Vox
1131 2338 1211 2401 nne
1232 2311 1376 2404 proprie
1394 2328 1499 2386 notat
1519 2314 1704 2412 eustenem,

532 2407 726 2504 presertim
736 2409 837 2502 pede,
860 2408 896 2482 dc
909 2411 1169 2485 oleuleelionere
1217 2406 1320 2483 uem
1331 2406 1448 2500 itaque
1461 2407 1521 2480 hic
1540 2410 1721 2490 introdur

531 2504 648 2595 citur,
660 2513 835 2598 tanquam
848 2506 908 2599 qui
920 2503 1325 2602 slseapopulotongiue
1337 2519 1515 2582 remotum
1528 2505 1699 2602 geffemt3

530 2599 594 2696 qui
621 2600 794 2678 excitatur
821 2601 865 2678 ad
893 2625 1016 2680 coram
1039 2603 1225 2682 merendae
1244 2599 1484 2694 vastationes,
1516 2625 1594 2698 quae
1614 2625 1701 2686 mox

529 2717 630 2794 pure
642 2711 740 2796 putae
754 2700 789 2775 dt
801 2716 984 2798 perpetuae
998 2699 1131 2782 fierent
1140 2697 1334 2780 secundum
1354 2699 1510 2779 hostium
1528 2701 1700 2782 intentio·

529 2815 636 2888 nem,
659 2795 761 2874 simul
774 2820 831 2876 ear
846 2800 1067 2898 reparandas.

577 2897 610 2986 §.
625 2891 721 2969 XIV.
772 2901 809 2988 β.
833 2895 876 2972 In
888 2898 1143 2995 propositionis
1153 2897 1389 3005 dedultione,
1410 2917 1478 2988 qua
1491 2895 1697 2982 vestitutum

526 2987 666 3070 illarum
680 2991 889 3089 conspellus
900 2997 1005 3072 datur
1042 2997 1159 3071 lenior
1172 2995 1439 3078 &accuratior,
1486 3013 1519 3063 a.
1544 2994 1696 3085 praserm

527 3085 679 3163 vastatio
696 3090 910 3184 exponitur,
949 3019 1041 3167 veel
1063 3114 1099 3185 3,
1119 3111 1156 3178 4.
1205 3091 1236 3162 l.
1261 3083 1380 3158 sutem
1400 3085 1694 3197 repraesentatem,

432 3199 435 3210 ⁴
522 3181 616 3256 vers.
644 3187 768 3272 5—8.
818 3212 847 3263 c.
877 3189 1014 3266 miseria
1039 3183 1164 3283 pupuli
1189 3203 1234 3256 ex
1261 3193 1412 3259 eventus
1438 3187 1695 3267 incertitudine

523 3275 776 3375 amplificatur,
799 3285 940 3380 vers9.
990 3307 1023 3357 a
1047 3277 1201 3357 Praesens
1216 3273 1391 3370 altimo,
1438 3301 1472 3356 1.
1485 3283 1692 3381 ingenere,

523 3395 559 3450 2.
584 3375 622 3452 in
636 3373 751 3472 specie
759 3431 772 3473 ,
786 3380 1005 3456 describitur.
1058 3399 1090 3455 1.
1115 3376 1158 3453 In
1170 3398 1304 3475 genere
1318 3377 1372 3450 his
1385 3380 1522 3468 verbis,
1546 3383 1641 3459 vers.
1652 3408 1692 3480 3.

525 3467 729 3573 Universum
740 3475 905 3590 queffeur't
918 3474 1015 3569 hostis
1028 3475 1193 3573 infertile.
1218 3474 1253 3548 h.
1269 3496 1306 3550 e.
1320 3472 1523 3550 vastationis
1535 3477 1687 3572 nostrae,

519 3571 622 3664 cujus
642 3576 892 3661 meminimus,
930 3586 972 3648 ut
994 3574 1184 3650 clariorem
1203 3575 1420 3667 prebeamur
1442 3573 1685 3667 intellellum,

518 3665 558 3741 in
577 3691 624 3744 eo
644 3672 682 3747 in
702 3691 833 3771 genere
855 3671 1033 3766 precipue
1056 3672 1118 3748 lita
1133 3669 1203 3761 est,
1227 3669 1324 3765 quod
1335 3669 1374 3739 in
1386 3668 1470 3739 loco
1482 3665 1619 3756 sarrllo,
1647 3673 1686 3746 dc

518 3761 773 3863 Hierosolymis
796 3767 833 3844 &
852 3769 1032 3866 Templo,
1055 3771 1176 3844 omnia
1189 3763 1415 3864 profanavit,
1438 3761 1680 3857 &contrivit,

460 3941 462 3946 ,
515 3858 726 3959 nostrosque
748 3869 886 3945 animos
904 3881 1045 3942 terrore
1060 3863 1245 3960 percellit,
1269 3857 1376 3935 hostis
1390 3860 1547 3935 saevus&
1561 3877 1680 3940 trucu-

345 4015 348 4020 .
501 3957 644 4038 ,lentot
694 3961 776 4074 Quo
797 3965 994 4061 paraphrau
1014 3984 1145 4039 nexum
1168 3959 1343 4036 orationis
1357 3957 1515 4046 ostendi,
1553 3958 1688 4038 &om-

512 4073 599 4134 nem
626 4061 730 4138 rerbt
748 4087 812 4148 rm
831 4061 1100 4160 amplitudinem
1124 4058 1340 4156 complexus-
1356 4054 1445 4132 sum.
1461 4055 1683 4238 effla&
