3900 5117
562 572 637 664 576
731 496 1543 650 commentaturus

566 763 738 848 desolata,
779 754 867 830 vers.
893 776 924 836 1.
974 776 1008 827 a.
1032 751 1224 827 Gentes&
1246 751 1354 825 vicini
1374 752 1498 847 populi
1519 752 1664 847 impune
1678 755 1737 833 ad.

566 863 636 933 huc
657 860 696 930 in
716 878 778 927 eos
798 852 897 925 diois
918 849 1180 926 contumeliosas
1195 849 1445 945 grassarentur,
1471 850 1657 928 &nullum
1677 856 1736 927 ad-

564 956 636 1027 huc
657 954 825 1026 indicium
847 948 1016 1036 exstaret,
1042 970 1114 1039 quo
1135 946 1288 1030 refutari,
1303 946 1417 1040 pollet
1438 946 1589 1036 areum,
1615 954 1670 1023 uhi
1687 948 1734 1044 est

499 1082 505 1094 ·
565 1051 660 1126 Deus
675 1044 840 1146 ipsorum?
890 1071 921 1139 3.
947 1046 1102 1138 Populus
1118 1044 1232 1116 adhuc
1244 1045 1452 1137 promiscuae
1471 1046 1558 1117 caedi
1572 1044 1658 1121 esset
1669 1050 1735 1123 ob·

566 1149 714 1237 noxius,
748 1167 816 1219 nec
831 1142 919 1217 effet
933 1143 1084 1230 vindex,
1110 1140 1171 1234 qui
1185 1140 1321 1215 causam
1335 1142 1514 1214 vinearum
1528 1164 1569 1216 ac
1583 1142 1735 1236 filiorum

564 1237 1733 1431 11ΐὲ111811ζέ11ἓὲ11ΟὲΡὲξῖὲξὲἕὲῖῖῑὲἕὶξὲκὲ·

770 1389 782 1428 ‚
1152 1389 1161 1408 .
1201 1389 1211 1410 .
1718 1383 1731 1404 .

561 1432 652 1534 'quos
667 1436 806 1510 fecillet
825 1434 1036 1531 progrell'us.
1497 1494 1500 1502 2

569 1609 573 1616 ,
613 1539 647 1627 §.
662 1534 710 1609 V.
735 1532 905 1625 Reliqua,
937 1554 1015 1624 quae
1036 1532 1073 1607 in
1096 1532 1359 1629 prolegomenis
1376 1530 1515 1605 trauan
1529 1531 1664 1623 solent,
1689 1549 1732 1611 ut

562 1634 608 1709 de
630 1646 788 1727 tempore,
815 1626 991 1720 arceſsant,
1006 1626 1103 1741 scopo
1124 1630 1159 1702 ἃ
1181 1628 1240 1726 usu
1263 1628 1329 1716 Ps,
1357 1651 1446 1704 cum
1467 1628 1511 1703 ad
1536 1628 1588 1703 Ps.
1605 1652 1729 1708 Lxxrv.

561 1732 634 1826 jam
655 1728 812 1823 exposita
832 1724 917 1815 lint,
950 1726 986 1799 &
1006 1726 1087 1801 rnde
1107 1728 1223 1821 repeti
1244 1724 1390 1819 poliat,
1422 1726 1494 1800 duo
1515 1728 1610 1801 enim
1627 1728 1662 1801 hi
1677 1727 1732 1806 Ps.

561 1826 767 1903 secum'hac
789 1838 889 1919 parte
909 1826 1145 1911 conveniunt,
1174 1824 1218 1897 de
1231 1820 1419 1917 strabum,
1444 1822 1480 1896 ἃ
1493 1822 1621 1919 ananfi
1633 1874 1646 1913 t
1670 1826 1730 1902 hic

565 1938 706 2001 tantum
725 1920 898 2019 agendum
918 1920 1035 1995 restat.
1097 1920 1273 1994 Strahura
1293 1920 1379 1994 nihil
1400 1919 1507 1995 habet
1527 1920 1576 1993 srn
1630 1924 1730 2013 lare,

565 2035 629 2107 aut
650 2018 823 2116 impediti.
872 2014 1018 2093 Constat
1032 2039 1077 2091 ex
1090 2018 1265 2093 continuo
1279 2015 1382 2112 ipsrus
1396 2016 1518 2111 populi
1531 2016 1573 2089 ad
1600 2018 1656 2093 itu
1670 2020 1729 2095 ad·

560 2118 684 2213 loquio
705 2117 749 2192 ad
768 2116 888 2191 Deum
907 2114 1088 2189 vindicem
1109 2114 1143 2188 &
1162 2128 1352 2209 patronum
1366 2112 1484 2205 suurn,
1509 2117 1636 2209 partim
1650 2138 1728 2191 nar·

563 2217 698 2293 ratorio
727 2214 762 2287 δι
788 2210 1086 2309 expostulatorio,
1124 2213 1252 2309 partim
1273 2213 1493 2304 precatori03
1527 2229 1663 2287 utmox
1677 2214 1729 2287 di·

562 2338 653 2388 cam.
689 2310 819 2405 *Stylus
851 2309 902 2383 est
927 2311 1079 2403 planus,
1125 2307 1185 2382 sed
1206 2309 1307 2381 vald'e
1325 2306 1556 2383 adfetiuosus.
1604 2306 1730 2386 Partes

562 2408 615 2483 Pl
637 2423 708 2482 tres
727 2407 820 2481 sunt.
865 2402 985 2478 Prima
999 2406 1162 2481 continet
1174 2406 1356 2499 querulam
1371 2406 1605 2482 narrationem
1618 2404 1728 2482 statue

563 2501 690 2578 adflitli
704 2502 786 2575 Deo
802 2498 930 2576 fatiam
941 2524 1028 2577 cum
1041 2502 1154 2595 aliqua
1169 2502 1449 2595 expostulatione
1465 2502 1569 2597 super
1582 2503 1639 2577 irae
1653 2504 1726 2578 Dei

562 2600 792 2675 vehementia
804 2596 842 2671 in
857 2600 1048 2693 populum,
1074 2596 1165 2674 vers.
1186 2622 1308 2693 1-7.
1335 2600 1481 2675 Secunda
1497 2615 1562 2674 tres
1578 2622 1726 2695 precum

491 2748 494 2753 ·
562 2697 752 2786 articulos,
763 2718 832 2771 una
847 2698 930 2770 cum
942 2698 1138 2773 rationibus
1152 2698 1474 2792 moventibus,pro
1489 2699 1727 2775 memoriaau·

562 2796 737 2873 teriorum
749 2809 980 2891 peccatorum
997 2795 1228 2891 deponenda,
1245 2819 1285 2870 ac
1298 2795 1521 2871 miseratione
1536 2798 1661 2890 populi
1674 2818 1728 2870 re·

561 2890 756 2982 novanda,
801 2892 928 2968 deinde
963 2893 1171 2969 liberatione
1213 2892 1336 2986 populi
1371 2891 1524 2984 peccatis
1559 2890 1728 2983 remillis,

563 2991 717 3085 denique
739 2989 893 3065 vinditla
914 2992 957 3065 ab
981 2990 1137 3063 hostibus
1158 2988 1342 3075 sumenda,
1373 2984 1466 3059 vers.
1484 2990 1619 3063 8-12.
1651 2987 1729 3063 Ter·

565 3095 616 3162 tio
639 3088 786 3161 exhibet
805 3086 1022 3180 propositum
1044 3085 1113 3168 Dei
1133 3087 1170 3157 in
1191 3096 1406 3175 perpetuum
1426 3081 1614 3178 laudandi,
1647 3109 1731 3167 cum

565 3184 603 3260 in
617 3185 817 3259 libertatern
830 3181 943 3256 fuerit
955 3180 1106 3275 populus
1123 3177 1295 3270 adsertus,
1319 3177 1411 3254 vers.
1427 3199 1482 3273 13.

634 3360 1654 3470 EXPLICATIO.

612 3591 645 3677 ᾗ.
661 3580 727 3657 vl
752 3580 845 3659 Cum
866 3584 911 3659 de
932 3583 1117 3680 hypothesi
1140 3586 1192 3661 Ps.
1214 3588 1416 3682 exponendi
1438 3611 1482 3665 err
1504 3590 1605 3686 supra
1628 3588 1727 3669 distin

563 3682 672 3758 facile
704 3681 871 3772 constet,
901 3682 962 3757 ubi
974 3681 1108 3778 scenam
1130 3687 1298 3780 temporis
1320 3683 1493 3777 definivi,
1523 3713 1544 3762 a
1567 3709 1632 3781 qua
1651 3692 1730 3765 nul.

562 3782 597 3854 la
630 3778 681 3853 est
716 3779 918 3856 discedendi
953 3781 1073 3865 ratio,
1121 3803 1205 3864 mox
1245 3782 1289 3855 ad
1330 3788 1571 3878 explicationem
1601 3806 1727 3885 pergo.

560 3878 602 3952 ln
631 3883 738 3971 prima
767 3894 866 3973 parte
897 3876 970 3965 Pl,
1004 3900 1080 3969 quae
1107 3874 1214 3952 status
1242 3878 1369 3952 adflibti
1394 3882 1631 3958 narrationem
1667 3906 1726 3961 ex·

560 3972 846 4071 postulatoriam,
878 3988 919 4049 ut
939 3973 1029 4062 dixi,
1057 3974 1090 4067 br
1112 3998 1196 4049 mox
1217 3978 1351 4070 patebit
1368 3976 1513 4064 clarita,
1539 3979 1725 4074 continet,

560 4067 650 4144 vers.
676 4090 797 4164 1-7,
842 4095 872 4145 re
897 4071 1052 4145 narratio
1072 4074 1230 4147 occurrit
1243 4070 1332 4146 vers.
1349 4092 1459 4160 1-4.
1506 4096 1536 4148 1.
1563 4077 1729 4171 expostu·
1821 4153 1825 4160 ,

1518 4182 1520 4187 ’
1638 4172 1730 4255 latio
1809 4180 1875 4213 ·'
