3900 5117
479 536 542 594 ω
604 510 640 590 r
686 511 709 593 s
758 514 795 593 a
841 512 873 593 t
918 514 975 596 na
1050 515 1268 621 tarn,
1377 534 1447 626 613

282 718 365 795 deis
384 717 539 791 interra
558 707 728 788 Cananaea
748 713 793 785 ab
808 710 966 789 hostrbus
986 710 1146 812 fingulari
1173 717 1243 789 Dei
1259 742 1329 814 ope
1349 722 1381 795 st
1400 723 1451 799 sa-

282 837 374 890 vore
396 810 577 885 effectam:
615 810 660 882 de
674 830 725 881 ea
745 810 841 884 enim
863 810 921 892 bic
937 810 1064 908 agitur.
1104 813 1374 891 ·Additurvers.
1393 842 1449 911 15.
1553 899 1562 904 ,

277 926 450 1011 propterea
470 915 508 982 in
526 911 677 981 cavernis
696 902 877 1001 glorificate
897 904 1082 1003 Jehouam,
1106 916 1143 983 in
1158 911 1274 1005 insulis
1287 921 1387 987 maris
1400 940 1454 988 no·
1482 989 1485 993 ,

282 1034 356 1084 men
371 1005 532 1105 Jeoovae,
558 1002 628 1077 Dei
640 999 787 1075 Israelis.
812 1000 903 1076 vers.
921 1005 977 1076 16.
1002 1009 1198 1079 olestrenae
1215 1020 1453 1085 terrae‘oraau·

282 1107 389 1179 limus
404 1106 553 1175 cantica:
574 1096 804 1267 decusgusto,
819 1097 880 1171 seu
894 1097 1097 1190 Chafidaeis,
1110 1103 1144 1173 δι
1159 1125 1283 1180 eorum
1299 1109 1453 1203 principi

283 1200 385 1297 Judae
407 1198 623 1273 Maccabaeo.
709 1210 837 1269 strena
857 1210 952 1269 terre
977 1220 1055 1287 ora,
1092 1214 1170 1272 tum
1190 1198 1368 1277 Cananaeae
1394 1226 1454 1281 ex-

282 1315 417 1373 tremos
447 1293 593 1384 mous,
620 1309 698 1369 tum
713 1292 820 1369 etiam
840 1294 1053 1367 remotiores
1068 1310 1175 1369 terras
1192 1300 1449 1390 complectitur.

281 1394 392 1495 Quod
410 1393 527 1485 itaque
549 1390 684 1465 Psalmo
697 1387 820 1464 nostro
834 1390 1025 1483 implorant
1037 1393 1109 1485 pii,
1134 1408 1175 1465 ut
1189 1393 1363 1469 fortitudo
1377 1398 1451 1473 Dei

276 1512 403 1567 coram
416 1489 576 1565 exulibus
590 1502 775 1581 appareat,
793 1485 881 1559 illud
894 1486 1114 1581 implendum
1130 1488 1209 1562 fore
1223 1488 1348 1582 Jesaias
1362 1516 1457 1585 prae..

214 1668 218 1675 ,
279 1588 397 1679 dixit,
429 1610 513 1665 eum
535 1586 655 1659 laudes
670 1584 747 1657 Dei
767 1584 963 1657 liberatoris
988 1585 1111 1679 populi
1136 1587 1180 1659 ab
1202 1587 1244 1659 iis
1264 1587 1302 1661 in
1325 1588 1446 1665 dislitis

279 1686 354 1762 oris
378 1683 552 1759 canendas
571 1680 641 1755 esle
662 1680 893 1775 praenunciat
942 1679 1099 1756 Historia
1118 1698 1291 1777 preterea
1311 1686 1447 1777 docet,

280 1781 419 1878 Judaeos
432 1781 553 1856 exules
568 1779 612 1853 ad
626 1779 781 1852 animum
795 1777 976 1851 revocasse
994 1778 1251 1863 calamitates&
1270 1782 1448 1858 liberatio-

203 1930 211 1937 ·
278 1902 344 1957 nes
366 1880 515 1955 fratrum
537 1878 576 1951 in
598 1874 788 1963 Cananaea,
822 1888 862 1949 ut
883 1873 944 1948 vel
966 1896 1010 1947 ex
1032 1874 1178 1970 epistola
1199 1876 1393 1955 aMecc.·1:
1412 1903 1443 1957 1.

276 1977 480 2077 colligitur,
507 1974 542 2047 &
562 1994 619 2047 ret
637 1971 710 2066 ipsa
722 1968 921 2046 confirmat.
972 1970 1063 2049 Cum
1079 1975 1174 2049 enim
1190 1974 1444 2069 Hierosolymis

277 2073 378 2148 sedes
398 2072 486 2148 effet
509 2070 711 2169 religionis,
745 2088 941 2162 omnesque
962 2069 1090 2146 fratres
1112 2071 1250 2159 essent,
1283 2076 1444 2149 exulibus

278 2190 357 2245 non
377 2168 498 2263 potuit
521 2190 595 2244 non
616 2187 710 2241 curae
729 2165 899 2259 cordique
924 2164 994 2239 effe
1018 2168 1177 2243 conditio
1190 2167 1392 2261 Judaeorum
1405 2174 1444 2247 in

277 2266 475 2356 Cananaeag
509 2265 568 2340 Ad
587 2264 664 2337 haec
683 2262 756 2357 ipsa
774 2281 948 2359 praeterea
969 2267 1336 2361 temporaprophetiae
1351 2268 1442 2356 resp·
1497 2305 1527 2331 ··

277 2364 397 2437 rendae
417 2364 594 2457 precipue
614 2360 722 2449 sunt,
762 2381 840 2454 quae
863 2360 907 2433 de
928 2360 1227 2455 Ephraimitarum
1251 2362 1442 2457 &Judaeo

278 2482 358 2534 rum
367 2459 552 2535 inimicitia
565 2458 601 2531 bt
614 2457 837 2533 emulatione
857 2457 1049 2535 auferenda
1062 2463 1258 2537 vaticinata
1273 2460 1374 2549 sunt,
1401 2478 1441 2539 ut

276 2554 345 2651 Jes.
367 2578 416 2630 ru:
440 2579 496 2631 11.
521 2554 651 2629 Enech.
673 2576 801 2629 xxxvr.
827 2552 896 2629 Cui
918 2557 1080 2632 amicitiae
1094 2558 1169 2633 haec
1184 2558 1257 2653 ipsa
1278 2559 1440 2634 liberatio

277 2653 501 2749 Judaeorum,
532 2655 578 2727 ab
602 2649 789 2728 affiifflone
810 2649 1055 2746 Epiphanica,
1089 2656 1122 2727 δι
1145 2653 1293 2751 gloriosa
1315 2679 1439 2731 eorum
1542 2672 1544 2679 ⁴

168 2758 171 2763 ’
276 2748 357 2847 post
379 2772 457 2826 eam
477 2748 657 2840 conditio,
687 2752 797 2824 robur
816 2748 980 2823 addidisse
996 2751 1156 2825 videtur:
1182 2754 1230 2823 ita
1245 2766 1284 2823 ut
1298 2753 1345 2843 pii
1362 2776 1439 2830 earn

273 2851 437 2923 etiamob
452 2848 628 2923 rationem
640 2868 743 2922 orare
764 2846 968 2940 potuerint,
995 2856 1035 2916 ut
1048 2845 1147 2918 Deus
1161 2846 1295 2936 populo
1311 2842 1436 2919 afflislo
1456 2836 1463 2851 ‘

237 2943 246 2971 '·
271 2942 497 3037 succurrete‚
524 2945 562 3019 st·
579 2947 778 3042 potentiam
799 2940 1001 3023 suam-adeo
1015 2940 1131 3015 valide
1147 2959 1292 3011 exerere
1305 2942 1435 3030 vellet,

272 3054 316 3115 ut
335 3040 582 3131 Ephraimitoe,
607 3038 828 3133 antiquissimi
848 3039 1051 3133 Judaeorunr
1065 3036 1216 3112 aemuli&
1229 3034 1366 3127 hostes,
1390 3038 1435 3109 de

273 3138 324 3212 fin
347 3136 437 3207 ulari
455 3136 524 3205 Dei
543 3158 628 3210 cura
647 3159 731 3232 erga
747 3136 887 3229 Judaeos
907 3134 1085 3227 convitli,
1117 3134 1230 3211 omnis
1246 3134 1436 3225 inimicitie

272 3230 439 3325 reliquias
460 3228 704 3321 deponerent,
735 3232 770 3303 δι
788 3255 872 3310 cum
890 3232 1018 3328 Judaeis
1040 3234 1077 3309 in
1091 3230 1261 3310 Cananaea
1274 3232 1312 3307 in
1325 3252 1437 3310 unum

273 3350 405 3425 corpus
418 3321 670 3399 coalescerent.
851 3394 858 3405 ,
1115 3360 1117 3366 ·

324 3432 356 3519 §-
377 3420 507 3496 XXlV.
522 3418 591 3493 Sed
605 3441 712 3511 quare
728 3424 1016 3516 additnr,coram
1029 3430 1241 3528 Bmlamine,
1256 3452 1337 3504 cum
1347 3424 1436 3519 Juda

274 3526 414 3617 semper
432 3514 643 3611 coniunsio,
668 3518 702 3591 ἃ
723 3520 906 3597 interram
923 3525 1148 3617 Cananaeam,
1173 3526 1367 3599 ut'videtur
1382 3542 1435 3592 re·

276 3619 392 3697 ducet
416 3615 599 3691 Probabile
626 3614 715 3690 mibi
733 3614 806 3708 est,
846 3618 1024 3712 duplicem
1037 3621 1073 3693 id
1086 3620 1162 3695 sieri
1175 3624 1223 3693 ob
1237 3619 1433 3707 rationem,

273 3726 382 3794 altera
401 3712 454 3788 est
477 3711 641 3805 mystica,
678 3714 873 3791 anominis
894 3714 986 3787 illius
1009 3715 1220 3811 fignificatu,
1243 3710 1435 3808 quofisz'am
1551 3766 1557 3789 r

275 3819 394 3890 matre
414 3812 527 3901 dicit,
560 3811 691 3903 petita,
723 3812 775 3886 ita
794 3826 835 3888 ut
857 3834 976 3887 coram
997 3809 1087 3903 Juda
1105 3812 1327 3900 Maccabaeo,
1358 3810 1434 3886 silio

276 3913 408 3993 dextre
428 3909 518 3998 Dei,
542 3906 791 3985 fortitudinem
812 3909 960 4003 Jenovae
975 3906 1262 3983 manifestandam
1287 3929 1432 4001 precen-

275 4010 355 4173 tur,
379 4011 484 4082 altere
504 4004 548 4083 ad
566 4003 781 4104 Templum,
811 4004 1120 4200 ffssrssihssgnjmm
1141 4006 1317 4104 precipue
1341 4004 1436 4197 antiag-
