3900 5117
528 490 603 563 704
699 442 1520 547 commententur}

576 668 610 757 ς.
625 660 707 736 XV.
730 656 923 753 Duplicem
943 650 1158 748 personam,
1197 648 1344 725 aderam
1365 647 1509 738 dionis,
1546 648 1714 735 dieram

530 761 686 864 Juaim,
719 776 822 851 quam
843 766 952 848 poeta
974 750 1057 823 Deo
1079 763 1262 844 aptaverat
1283 743 1373 819 vers.
1393 767 1438 835 1.,
1464 744 1566 835 Deus
1581 753 1716 831 imin·

527 856 729 935 troducitur
742 872 869 949 agere,
893 864 935 923 ut
993 876 1024 921 κ.
1050 870 1131 925 cum
1144 844 1269 938 iniquis
1281 843 1455 936 judicibus
1468 847 1712 941 expostulet,

522 956 562 1034 dt
578 975 641 1026 eos
654 951 697 1024 ad
711 948 885 1022 saniorem
898 959 1058 1020 mentem
1071 940 1298 1031 adhortetur,
1313 938 1402 1014 vers.
1420 961 1533 1033 2—4.
1567 974 1599 1023 ι.
1620 946 1707 1025 sen.

524 1050 678 1127 tentiam
697 1046 822 1121 mortis
843 1045 882 1117 in
896 1038 960 1117 eos
972 1040 1087 1128 serat,
1113 1037 1204 1113 vers
1220 1041 1257 1129 6,
1269 1060 1307 1131 7.
1332 1035 1560 1135 posteaquam
1575 1062 1642 1120 ως
1661 1046 1707 1123 in

489 1164 492 1168 ’
524 1148 627 1244 pejus
640 1147 759 1237 potius
773 1163 898 1228 ruere,
922 1162 1029 1234 quam
1043 1138 1080 1211 in
1096 1138 1221 1213 melius
1238 1134 1309 1209 sese
1331 1150 1490 1226 mutare,
1517 1140 1709 1219 constitis-

523 1244 596 1320 set:
622 1241 719 1335 quod
743 1236 903 1313 futurum
921 1234 997 1311 esse
1011 1252 1119 1329 poeta
1133 1234 1332 1309 suisverbis
1345 1234 1546 1327 interserit,
1571 1238 1706 1316 &sen-

524 1340 669 1426 tentiae,
701 1353 868 1430 tanquam
888 1332 1161 1417 fundamentum
1182 1331 1279 1423 ejus,
1312 1332 1516 1425 premittit,
1551 1336 1641 1413 vers.
1659 1356 1702 1429 ς.

527 1438 635 1515 Adeo
649 1452 690 1509 ut
696 1433 842 1531 secunda
857 1453 935 1525 pars
948 1428 1072 1504 Psalmi
1108 1460 1142 1505 e.
1163 1425 1486 1521 expostulationem
1500 1428 1594 1523 Dei,
1618 1450 1703 1513 tan.

521 1556 633 1631 quam
646 1534 743 1607 litem
761 1529 903 1625 publice
919 1524 1158 1614 intendentis,
1181 1526 1386 1613 contineat,
1411 1526 1503 1601 vers.
1520 1549 1554 1603 a.
1594 1533 1629 1620 β.
1641 1528 1702 1607 se⁴

523 1633 614 1707 riam
625 1628 912 1704 adhortationem
924 1624 969 1701 ad
984 1646 1042 1698 res
1054 1623 1180 1699 melius
1192 1620 1442 1715 instituendae,
1468 1622 1560 1700 vers.
1576 1649 1612 1720 3,
1627 1652 1667 1722 4.

574 1730 608 1819 5.
623 1726 719 1801 xvt
769 1749 800 1799 a.
829 1720 1073 1819 Expostuletio
1093 1718 1165 1794 Dei
1186 1742 1267 1797 cum
1278 1720 1474 1813 judicibus,
1496 1744 1564 1817 qua
1580 1729 1702 1803 cn‘mi.

524 1848 593 1916 oa,
618 1846 696 1920 que
708 1823 855 1899 exitium
867 1844 996 1897 eorum
1007 1820 1127 1895 secum
1136 1819 1343 1910 haherent,
1361 1817 1441 1913 ipsis
1455 1819 1629 1913 intentat,
1643 1826 1702 1903 ita

566 1937 647 2015 nat,
670 1918 762 1996 vers.
784 1943 818 1995 a.
844 1917 958 2021 Quoue
978 1943 1017 1993 oe
1031 1919 1224 2014 iudueidit
1236 1920 1366 2014 inique,
1392 1914 1437 2001 θ’
1452 1922 1570 1993 oulttu
1584 1925 1702 2019 impio-

521 2044 602 2095 rum
614 2016 816 2114 adsumme?
841 2018 877 2092 h.
892 2040 925 2092 e.
944 1942 1066 2116 duam
1080 2014 1140 2129 diu
1154 2014 1189 2087 dt
1202 2012 1399 2127 quougradu
1412 2013 1701 2127 versabimini,d

521 2115 704 2214 Judicesi.
721 2116 761 2191 in
780 2136 929 2191 munere
950 2111 1069 2189 vestro
1083 2110 1208 2205 mjuste
1226 2112 1262 2186 o
1273 2134 1413 2205 mique,
1435 2116 1630 2209 impiorum
1643 2116 1697 2194 sa-

527 2236 621 2292 vore
641 2215 675 2290 dt
693 2213 899 2289 reverentia
913 2210 1030 2302 dudm
1056 2224 1243 2305 antequam
1260 2232 1364 2305 pena
1376 2210 1420 2285 de
1434 2210 1623 2307 vohisfira
1636 2212 1695 2289 su-

524 2334 657 2408 premo
677 2311 802 2406 Judice
825 2310 1019 2393 sumenda?
1043 2308 1176 2389 illudne
1192 2306 1308 2383 adhuc
1327 2308 1459 2384 diutius
1471 2308 1632 2403 durabit,
1657 2310 1698 2386 dt

521 2411 663 2502 majore
684 2409 792 2505 gradu
805 2433 828 2484 a
841 2410 944 2485 vobis
952 2405 1046 2483 siet?
1070 2428 1146 2483 non
1164 2404 1266 2497 sane,
1291 2407 1451 2503 adeoque
1467 2420 1542 2485 tem
1566 2432 1606 2507 ue
1620 2406 1694 2503 est,

523 2520 570 2583 ut
590 2506 651 2579 vel
670 2506 717 2581 ad
737 2509 924 2584 meliorem
937 2521 1097 2581 mentem
1106 2504 1281 2594 redeatis,
1306 2504 1367 2578 vel
1379 2504 1519 2581 severo
1579 2506 1591 2579 i
1602 2506 1695 2601 judi·

521 2605 587 2679 cio
607 2602 743 2699 pessum
762 2607 862 2680 eatis.
909 2604 1016 2679 Hanc
1035 2622 1185 2689 omnem
1206 2600 1385 2697 emphasin
1400 2604 1508 2679 habet
1520 2604 1694 2699 particida

521 2725 713 2801 quousque,
745 2703 781 2777 dt
800 2701 926 2778 modus
946 2705 1240 2800 interrogetimr's,
1273 2722 1344 2795 quo
1365 2698 1438 2775 hoc
1458 2700 1707 2795 expostulatio¹

522 2795 1693 2995 dedushthsetzhh1hftsst,⁶tffltdttst

524 2993 724 3092 nsqmtsed
736 2994 782 3067 ad
793 2997 1054 3091 magnitudinem
1066 2997 1117 3067 tei
1127 2991 1392 3087 exprimendam
1408 2992 1516 3069 etiam
1529 2988 1692 3069 nondun·

524 3114 634 3187 quam
652 3091 863 3179 adhibetur,
894 3093 947 3168 uti
967 3090 1012 3164 ed
1030 3088 1088 3163 Ps.
1108 3108 1165 3165 tv:
1172 3110 1213 3183 3.
1239 3086 1486 3166 demonstravi.
1538 3090 1692 3169 Interro-

524 3190 623 3283 gatio
646 3204 791 3277 autem,
819 3184 1002 3284 quousque?
1027 3184 1179 3277 indicat,
1199 3182 1333 3283 ‚flagitia
1342 3209 1470 3265 eorum
1482 3188 1555 3281 J'am
1570 3188 1689 3265 diusa·

524 3284 571 3357 tis
592 3282 746 3372 durasse,
778 3282 903 3359 &esse
923 3283 1003 3358 setis
1023 3288 1147 3359 atrocia
1167 3305 1208 3359 ac
1221 3288 1347 3375 nucina·
1373 3300 1415 3360 ut
1427 3285 1605 3363 vindicem
1618 3284 1688 3359 Dei

524 3400 669 3460 manum
683 3378 865 3472 clament,
889 3378 1097 3455 deferenda
1111 3382 1258 3476 amplius
1272 3404 1347 3457 non
1361 3382 1446 3472 sint,
1472 3380 1533 3459 sed
1546 3400 1689 3481 quanto·

524 3500 614 3573 oyus
636 3476 834 3573 punienda,
868 3476 1179 3571 vehemendande,
1204 3480 1291 3554 veli
1315 3478 1356 3553 sn
1371 3502 1496 3559 eorum
1512 3480 1688 3559 conscien-

526 3578 584 3651 tiis
605 3574 777 3666 testibus,
813 3574 902 3651 stad
921 3600 979 3652 eas
1001 3576 1226 3665 adtenderint
1339 3594 1482 3667 terum,
1512 3602 1599 3657 cunr
1619 3602 1690 3657 non

525 3672 572 3749 de
586 3673 809 3765 criminibus,
834 3672 894 3751 sed
907 3698 1034 3759 eorum
1048 3676 1253 3767 termino&
1274 3674 1403 3771 gradu,
1429 3676 1693 3778 interrogentur

522 3770 680 3862 judices3
712 3775 806 3849 clare
826 3773 1021 3864 indicatur,
1053 3772 1124 3867 ipsa
1144 3772 1201 3847 illa
1222 3770 1352 3870 flagitia
1375 3772 1445 3847 eise
1468 3784 1615 3868 moia,
1654 3788 1691 3853 ut

524 3862 572 3940 fic
593 3868 726 3959 dicam,
752 3870 786 3942 dr
805 3873 884 3964 ipsis
906 3876 942 3948 ἃ
956 3871 1120 3948 omnibus
1135 3868 1325 3959 notiffima,
1350 3893 1392 3945 ac
1405 3866 1638 3967 testatiffima3
1660 3898 1691 3951 a·

522 3963 802 4083 deoutneceffe
815 3968 966 4067 nonsit,
990 3968 1088 4047 deiis
1101 3966 1303 4069 questionem
1316 3990 1484 4049 movere:
1499 3990 1692 4147 preterea&
