3900 5117
524 513 1653 662 m'comuaurrurus52

531 759 651 841 traditi
669 757 709 832 in
730 773 852 832 manus
871 751 1025 828 hostiurn
1045 752 1357 846 truculentorum,
1388 753 1424 827 dc
1444 751 1516 826 Dei
1535 775 1633 852 aeque
1655 777 1701 833 ae

532 857 657 958 populi
682 854 926 940 inimicorum,
957 850 1216 949 graviilimaque
1239 852 1462 942 calamitate,
1492 854 1531 927 iu
1548 857 1698 936 totalem

427 955 429 960 ’
532 954 655 1054 populi
675 949 963 1044 exstirpationem
984 950 1140 1036 exitura,
1174 947 1324 1043 oppreffi
1345 950 1383 1023 in
1395 949 1468 1043 ipsa
1482 967 1576 1025 terra
1590 952 1698 1028 Cana-

531 1077 625 1143 naea,
640 1057 729 1144 q'ua,
745 1047 922 1144 religionis
939 1047 1037 1120 cultu
1048 1047 1203 1134 abolito,
1216 1047 1250 1118 dc
1264 1068 1346 1122 cum
1359 1046 1585 1124 idololatrico
1599 1073 1698 1127 com·

533 1163 693 1238 mutato,
726 1145 878 1239 populus
899 1167 920 1216 a
942 1143 1042 1218 totali
1066 1141 1300 1217 demufflone
1322 1166 1436 1240 prope
1450 1147 1590 1238 aberat,
1618 1170 1704 1241 que·

453 1318 454 1331 ,
532 1250 610 1324 rula
630 1246 664 1320 a
684 1239 916 1317 ardentissima
934 1245 1100 1334 precatio,
1126 1240 1169 1314 ad
1190 1240 1332 1330 Deum,
1359 1242 1557 1336 pastorem,
1572 1263 1701 1339 *patro-
1851 1239 1855 1246 .

532 1369 621 1422 num
635 1343 670 1415 &
683 1339 900 1414 servatorem
915 1336 1034 1428 suum,
1057 1341 1100 1412 ab
1114 1339 1266 1431 antiquis
1280 1341 1521 1434 temporibus,
1546 1342 1699 1432 directa,

449 1529 451 1532 v
533 1467 604 1539 qua
623 1439 799 1532 supplices
821 1449 973 1530 petunt,
1002 1451 1044 1511 ut
1065 1435 1164 1508 Deus
1187 1437 1276 1510 iram
1296 1438 1482 1530 remittat,
1520 1442 1700 1518 rationem

531 1536 676 1615 soederis
690 1535 723 1609 dr
738 1533 950 1609 relationum
963 1533 1100 1609 suarum
1114 1533 1158 1606 ad
1172 1531 1291 1608 Deum
1307 1534 1453 1627 habeat,
1484 1536 1701 1613 vallationes

532 1632 736 1714 &miserias
749 1631 823 1708 suas
839 1630 1088 1730 praesentem&
1104 1653 1189 1705 mox
1203 1631 1411 1721 futuras,.ad
1423 1635 1578 1710 animum
1593 1655 1698 1708 revo-

451 1732 459 1748 '
529 1749 610 1823 cet,
640 1729 794 1806 hostium
815 1729 1008 1803 horrendas
1028 1727 1296 1818 insultationes,
1329 1729 1412 1803 Deo
1432 1730 1522 1825 ipfi,
1548 1733 1703 1826 ejusque

530 1829 706 1930 praeclaris
727 1827 761 1901 &
782 1825 960 1920 stupendis
981 1826 1246 1920 operationibus
1268 1826 1464 1924 ingratiam
1477 1835 1618 1924 quoque
1634 1852 1704 1925 po.-

530 1927 607 2024 puli
631 1925 754 2013 saliis,
787 1923 919 2000 summe
941 1923 1237 2016 contumeliosas,
1268 1927 1417 2020 amplius
1439 1926 1703 2022 susquedeque

531 2049 608 2104 non
622 2025 766 2111 habeat,
789 2021 940 2116 denique
956 2020 1077 2096 hostes
1091 2023 1330 2116 reprimat,et
1342 2025 1518 2122 populum
1532 2040 1700 2116 tenuem,

534 2137 574 2199 et
593 2122 727 2198 viribus
747 2117 976 2208 destitutum,
1001 2116 1074 2193 sese
1088 2119 1244 2195 hostibus
1260 2136 1525 2215 opponentem,
1552 2140 1590 2197 et
1603 2123 1646 2197 ad
1659 2123 1701 2194 li-

532 2221 757 2298 berationem
777 2214 872 2294 suam
892 2215 1113 2292 efficiendam
1141 2217 1211 2292 sese
1237 2218 1510 2317 adcingeutem,
1546 2234 1700 2314 potente

533 2343 640 2394 manu
663 2316 840 2406 adjuvet,
863 2316 954 2390 acin
975 2315 1176 2390 libertatem
1197 2314 1375 2404 vindicet,
1400 2333 1443 2389 ut
1466 2317 1587 2391 Deum
1606 2317 1701 2388 cele-

532 2414 659 2492 brandi
679 2413 807 2485 habeat
824 2410 1057 2490 occafionem.
1113 2411 1245 2507 Incipit
1261 2413 1412 2506 populus
1428 2419 1516 2486 >cum
1533 2413 1699 2506 deprecaa

536 2513 635 2587 tione
658 2510 718 2582 irae
738 2507 808 2581 Dei
828 2509 866 2584 in
886 2509 1110 2600 seaccensae,
1135 2512 1272 2598 ratione
1287 2509 1390 2584 duda
1405 2510 1449 2585 ab
1462 2507 1555 2582 artla
1567 2510 1643 2600 eius
1655 2506 1702 2581 ad

536 2607 658 2684 Deum
671 2606 868 2699 relatione3
894 2609 975 2684 dein
989 2611 1109 2685 Deum
1123 2608 1256 2683 excitat
1268 2609 1312 2681 ad
1325 2607 1559 2684 miserabilem
1572 2604 1703 2681 suurn

532 2706 634 2782 suum
656 2727 768 2802 prope
791 2705 1068 2802 inspiciendum3
1101 2707 1199 2800 cujus
1220 2706 1330 2781 lineas
1348 2706 1559 2781 fortioribus
1574 2701 1704 2780 colori·
1824 2753 1827 2763 .

441 2863 444 2870 ,
532 2807 599 2896 bus
619 2803 797 2904 depingit,
830 2826 911 2881 curn
932 2805 1112 2900 presentis
1133 2804 1338 2882 calamitatis
1362 2802 1541 2896 respetlu,
1574 2825 1642 2894 qua
1656 2799 1704 2874 sa-

532 2925 595 2979 cru
608 2918 710 2980 erant
723 2903 871 2992 abolita,
898 2919 976 2979 tum
989 2904 1238 2989 moxfuturae,
1263 2924 1331 2992 qua
1344 2895 1571 2970 atrumforer
1587 2897 1630 2966 de
1644 2900 1701 2970 t0-³

534 3017 574 3079 to
594 3004 749 3096 populo:
781 3001 865 3074 hinc
884 2998 956 3072 sese
979 3002 1089 3071 vertit
1109 3000 1152 3071 ad
1168 2994 1380 3069 horrendam
1395 2990 1547 3066 hostium
1562 2990 1704 3068 insulta.

448 3162 452 3170 .
529 3101 693 3188 tionem,
713 3099 798 3173 Deo
812 3111 851 3171 et
866 3095 1028 3191 religioni
1045 3090 1192 3180 fastam,
1220 3088 1505 3177 describendam,
1531 3111 1702 3182 quamerr

536 3195 818 3272 consideratione
839 3192 990 3266 summae·
1003 3189 1073 3262 Dei
1091 3185 1278 3278 majestatis
1302 3205 1340 3262 et
1362 3186 1555 3282 potentia,
1578 3189 1702 3263 multis
1798 3199 1801 3205 '

535 3291 717 3388 stupendis
738 3285 953 3366 facinoribus
981 3284 1256 3377 demonstrata,
1297 3301 1509 3384 exaggerat,
1548 3298 1588 3358 ut
1617 3287 1702 3359 Deo

389 3461 391 3466 ,
453 3375 457 3382 “
535 3415 612 3468 non
625 3387 771 3488 angplius
784 3381 969 3464 ferendam
983 3382 1052 3457 elle
1067 3399 1201 3482 urgeat.
1252 3383 1418 3479 Denique
1441 3393 1569 3478 preces·
1584 3381 1704 3458 fundit

465 3581 467 3585 Ι
537 3514 606 3588 pro
628 3484 711 3572 illis,
745 3481 804 3576 qui
826 3478 962 3559 causam
986 3481 1058 3556 Dei
1083 3505 1186 3582 agere
1207 3480 1351 3582 adgreiii
1373 3497 1500 3572 erant,
1538 3494 1580 3554 ut
1601 3479 1702 3554 Deus

535 3588 615 3682 ipfis
643 3583 737 3658 vires
768 3576 939 3673 sufficiat,
980 3581 1014 3656 &
1042 3582 1359 3678 triumphabundos
1387 3582 1503 3675 redire
1529 3577 1636 3652 faciat
1654 3576 1702 3651 ad

536 3685 658 3761 Deum
672 3677 961 3780 glorificandum,
986 3679 1145 3754 hostibus
1162 3679 1355 3775 prostratis.

588 3787 619 3872 §.
634 3782 677 3854 ll.
703 3778 813 3880 Quod
827 3791 1074 3876 argumentum
1088 3778 1180 3852 utin
1196 3798 1286 3850 vero
1307 3775 1370 3850 suo
1393 3778 1526 3850 lumine
1549 3775 1702 3852 colloce-

535 3892 618 3967 tur,
650 3880 845 3950 rlaraiierer
868 3875 1009 3970 quidam
1034 3894 1078 3945 ex
1100 3871 1152 3945 Ps.
1177 3873 1326 3946 eruendi
1347 3871 1448 3958 sunt,
1496 3894 1628 3948 uorum
1644 3873 1705 3945 alii

536 3977 581 4046 ad
600 3975 772 4146 populum
782 4023 792 4060 ,
803 3975 948 4064 ejusque
963 3970 1147 4066 qualitates
1162 3971 1196 4042 dr
1210 3969 1340 4076 statum
1347 3893 1548 4076 religiosum
1558 4018 1569 4057 ,
1579 3971 1640 4062 qui
1647 3972 1707 4044 hic
1736 4011 1739 4017 ·
1796 4022 1801 4035 .

538 4069 636 4145 intro
662 4069 780 4144 ucitur
793 4069 964 4162 loquens,
990 4068 1195 4161 pertinent,
1211 4067 1270 4144 alii
1285 4065 1359 4156 ejus
1376 4060 1712 4174 adflrdlronem-defi-

583 4215 591 4238 2
659 4191 661 4194 ¹
1579 4176 1714 4256 munt,
