3900 5117
557 516 1530 651 734eonrmnutan1us

558 750 755 825 mentione.
799 761 833 812 o.
857 736 1036 813 Secundum
1053 732 1235 807 criterium
1253 729 1451 829 suppeditat
1467 752 1591 807 eorum
1605 753 1721 829 popu·

561 848 678 922 lorum
698 834 917 935 conspiratio,
953 831 1103 907 foedere
1122 829 1240 904 sociali
1262 832 1298 905 in
1321 830 1491 925 populum
1511 829 1583 902 Dei
1597 828 1720 909 secum

560 940 690 1037 paulu,
714 951 754 1010 ut
771 933 877 1009 unitis
896 932 1033 1005 viribus
1055 928 1221 1002 lsraelem
1236 927 1501 1024 adgredientes
1522 926 1613 1001 vers.
1630 952 1667 1019 4,
1681 934 1716 1005 6.

561 1060 637 1113 non
656 1037 772 1127 itaque
794 1027 930 1104 diversa
948 1045 1130 1121 tempora,
1155 1047 1223 1101 nec
1247 1028 1354 1098 etiam
1375 1024 1529 1119 separata
1547 1026 1719 1118 confilia,

561 1136 597 1208 a
617 1134 795 1205 variorum
816 1127 1053 1222 populorum,
1077 1124 1162 1199 licet
1180 1144 1256 1197 uno
1271 1136 1456 1216 tempore,
1482 1120 1540 1195 sed
1556 1122 1720 1216 seorfim‚

558 1229 756 1305 invasiones
769 1229 804 1299 in
820 1223 962 1298 censum
975 1225 1136 1296 veniunt.
1188 1242 1220 1314 3.
1252 1217 1397 1293 Tertiam
1409 1221 1581 1315 temporis
1595 1237 1720 1298 notam

561 1350 681 1421 quaero
694 1328 731 1399 in
745 1320 899 1419 Albula,
913 1343 987 1395 non
1000 1319 1116 1415 primo
1132 1317 1364 1410 expeditionis
1378 1316 1540 1407 nullom,
1566 1316 1719 1413 sedsarr'o

562 1440 720 1510 tanturn,
752 1437 921 1515 praeterea
938 1420 978 1490 in
999 1414 1166 1488 Moabitis
1188 1412 1221 1485 bt
1245 1414 1461 1490 Ammonitis
1481 1433 1647 1507 tanquam
1666 1417 1717 1492 in-

561 1522 768 1596 centoribus
788 1518 823 1589 u
842 1516 977 1589 facibus
991 1513 1093 1586 belli:
1116 1532 1187 1604 quo
1212 1509 1301 1584 vers.
1319 1532 1352 1604 9.
1373 1534 1440 1586 nos
1455 1510 1638 1587 manifeste
1653 1513 1715 1587 du·
1795 1583 1801 1597 ,

562 1621 624 1693 cit.
673 1618 790 1690 Etiam
806 1610 910 1710 Affur
921 1614 1111 1706 implicatur
1123 1630 1191 1681 una
1209 1613 1360 1699 comitr,
1376 1606 1419 1692 δ’
1436 1610 1489 1683 illi
1503 1607 1716 1705 brachiisque

560 1714 695 1813 posteris
723 1710 835 1783 Lothi.
869 1711 903 1783 h.
929 1730 963 1781 e.
993 1703 1134 1780 hostiles
1160 1706 1210 1779 illi
1237 1706 1361 1800 populi
1391 1706 1429 1778 in
1459 1728 1571 1783 unum
1607 1705 1718 1781 coabli

563 1812 667 1900 sunt,
691 1825 733 1883 ut
753 1805 899 1903 posteris
919 1804 1027 1878 Lothi
1048 1804 1084 1876 in
1107 1802 1232 1876 lsraele
1247 1802 1482 1899 opprimendo
1496 1802 1563 1877 srnt
1577 1805 1719 1878 auxilio.

563 1910 700 1984 Bellum
721 1908 837 1999 itaque
859 1905 1003 1998 proprie
1023 1915 1097 1974 erat
1111 1900 1351 1975 Moabitarum
1365 1900 1398 1973 δι
1411 1901 1720 1992 Ammonitarum,

564 2010 604 2082 in
624 2026 696 2100 quo
717 2002 841 2095 reliqui
864 2000 988 2094 populi
1008 1996 1274 2071 auxiliatricium
1292 1998 1474 2090 copiarum
1487 2011 1605 2092 partes
1618 1999 1721 2072 habe

563 2106 661 2178 bant.
712 2123 748 2191 4.
778 2096 941 2171 Ultimum
952 2097 1132 2170 criterium
1144 2092 1494 2190 desumoasrngulari
1515 2097 1624 2185 modo,
1651 2118 1723 2189 quo

562 2198 681 2274 hostes
701 2195 780 2272 sunt
795 2193 989 2293 profligati3
1014 2214 1139 2287 quem,
1153 2212 1207 2263 -er
1224 2192 1488 2285 comparatione
1501 2212 1586 2266 eum
1599 2190 1725 2267 Milic

564 2303 714 2371 pitanam
734 2292 832 2368 clade
854 2307 1019 2387 tempore
1035 2290 1204 2376 Gileom's,
1228 2310 1299 2380 quo
1317 2286 1503 2381 respicitur
1521 2288 1611 2362 vers.
1628 2312 1672 2361 10
1687 2290 1727 2363 aa

566 2412 623 2464 11.
649 2391 905 2486 colligendum,
931 2390 1002 2460 buc
1022 2386 1136 2460 redire
1151 2381 1331 2472 existimo,
1356 2400 1399 2457 ut
1413 2382 1577 2459 hostesse
1596 2404 1726 2463 mutuo

564 2482 836 2576 consumerent3
867 2484 1036 2559 divinitus
1057 2483 1175 2557 secum
1195 2480 1390 2569 commissi,
1422 2480 1548 2557 israele
1571 2487 1727 2579 primum

565 2581 861 2678 spestante‚„dein
875 2603 938 2655 eos
950 2578 1205 2675 persequente,
1230 2577 1469 2672 &spoliantet
1486 2582 1582 2673 quod
1596 2582 1730 2657 intesti-

564 2702 653 2755 num
672 2680 830 2774 pralium
849 2679 1027 2772 inciperet
1044 2676 1087 2750 ad
1106 2691 1253 2751 externa
1267 2676 1422 2767 quaedam
1436 2674 1528 2774 figna
1537 2680 1584 2752 ab
1597 2678 1727 2754 israele

565 2779 738 2853 adbibita:
765 2800 841 2871 quae
864 2796 1026 2870 tempore
1047 2772 1219 2849 Gideonis
1239 2772 1388 2847 fuerunt
1401 2774 1491 2864 tria,
1515 2778 1613 2850 urcei
1627 2778 1727 2849 colli·

566 2872 846 2965 reconstrui,
871 2874 988 2962 laces,
1009 2872 1283 2949 &buccinarum
1297 2870 1450 2968 clangor.
1465 2870 1543 2964 Jud.
1558 2894 1619 2943 vu.
1649 2871 1723 2944 Ve.

566 2998 646 3050 rum
660 2974 801 3068 quidem
816 2972 887 3059 est,
912 2972 957 3045 de
973 2994 1019 3044 eo
1033 2969 1163 3043 cffelio
1182 2991 1227 3042 ex
1241 2967 1291 3041 Ps.
1307 2989 1382 3041 non
1398 2967 1530 3044 directe
1542 2964 1724 3061 constare3

566 3071 627 3149 sed
646 3094 691 3144 err
705 3081 1065 3167 premm'argumento
1086 3067 1268 3159 plusquam
1283 3064 1464 3157 probabile
1478 3063 1538 3155 fit,
1563 3066 1623 3143 tali
1634 3067 1725 3159 iudi.

565 3173 626 3244 cio
647 3191 709 3241 eos
731 3164 831 3240 fuille
852 3164 1020 3239 adfelios.
1077 3162 1209 3256 Utique
1232 3161 1402 3253 ejusmodi
1421 3164 1504 3256 quid
1518 3165 1581 3258 pio
1602 3162 1725 3240 nostro

566 3267 703 3339 oratori
721 3262 823 3339 soille
844 3262 1034 3351 inanimo,
1058 3282 1102 3333 ex
1116 3260 1228 3335 citatis
1241 3259 1374 3334 veteris
1387 3262 1453 3333 aevi
1467 3262 1634 3355 exemplis
1648 3282 1726 3337 cer·

566 3378 643 3439 tum
663 3359 725 3434 est.
775 3358 865 3433 Cum
885 3373 1028 3446 autem,
1052 3378 1178 3451 preces
1197 3382 1218 3432 a
1237 3356 1373 3432 Divino
1392 3358 1514 3451 spiritu
1528 3358 1629 3433 fuille
1642 3382 1725 3455 pro-

560 3458 694 3547 -fettas,
725 3458 871 3531 credere
890 3455 942 3529 fas
963 3454 1024 3545 sat,
1055 3455 1139 3548 quin
1158 3477 1210 3529 eae
1233 3455 1503 3549 implementum
1525 3457 1724 3545 consecute

565 3556 822 3650 fint,dubitare
836 3554 935 3628 nefas
947 3550 1018 3627 est:
1034 3575 1159 3649 preces
1172 3553 1268 3629 eninr
1283 3576 1302 3625 a
1315 3552 1436 3649 spiritu
1450 3566 1537 3627 ortae
1551 3555 1726 3631 &Secun-

566 3658 652 3732 dum
666 3657 741 3747 ejus
755 3655 976 3728 voluntatem
991 3648 1074 3724 fusae
1088 3651 1213 3729 frustra
1225 3650 1351 3725 cadere
1363 3667 1556 3743 nequeunt.

616 3760 648 3846 §.
664 3754 712 3827 V.
740 3754 826 3828 Haec
848 3751 1008 3839 euteria,
1033 3749 1186 3824 feliciter
1209 3762 1329 3836 eruta,
1354 3746 1436 3820 fiad
1451 3755 1605 3825 animum
1621 3772 1725 3825 revo-

566 3868 713 3938 centur,
740 3854 878 3926 nullum
898 3869 1060 3943 tempus,
1079 3846 1173 3939 quod
1193 3845 1229 3919 in
1248 3842 1389 3919 historia
1410 3848 1650 3944 consignatum
1667 3870 1740 3951 ere,

566 3950 653 4038 stet,
684 3947 747 4020 sub
773 3969 896 4021 manus
921 3948 1040 4029 venit,
1065 3944 1126 4016 cui
1146 3966 1188 4017 ea
1211 3944 1323 4037 aptius
1345 3946 1584 4033 conveniunt,
1618 3968 1724 4038 quam

567 4070 638 4140 quo
660 4042 865 4137 Josaplratus
880 4040 1104 4130 atloabitis,
1119 4042 1352 4131 Ammonitis,
1377 4040 1555 4132 Idumaeis,
1580 4042 1726 4135 aliisque

1626 4152 1720 4216 trans
