3900 5117
480 538 597 661 '24⁸
714 493 1519 645 commentaturus

529 762 688 841 infinem
701 758 921 851 seculorum,
943 730 987 835 ea
999 764 1137 840 ratium
1156 738 1207 849 est
1218 763 1394 851 instituta,
1419 776 1461 837 ut
1475 759 1602 839 breue
1615 764 1689 860 qui·
1830 867 1833 871 A

528 861 630 949 dem,
653 860 687 933 ds
707 876 791 933 vera
811 862 1005 937 verborum
1017 859 1193 957 amphus,
1217 863 1257 935 in
1269 861 1427 954 Judaeos,
1453 861 1514 953 qui
1530 862 1687 943 Meibam

525 958 692 1033 scelerate
716 955 929 1047 tractarunt,
954 960 1168 1047 conveniat,
1189 958 1224 1030 u
1243 958 1286 1031 iis
1299 958 1503 1051 adplicando
1516 957 1577 1048 sit,
1598 978 1687 1041 atta,
1824 964 1834 986 '

523 1076 607 1131 men
631 1053 802 1129 mdireue
823 1076 966 1148 quoque
987 1056 1021 1127 dr
1044 1056 1183 1131 leviore
1206 1053 1305 1153 sensu
1326 1057 1362 1125 in
1388 1055 1589 1147 precipuos
1606 1058 1685 1132 illos
1811 1129 1814 1138 ,

524 1147 672 1225 Davidis
693 1148 830 1239 hostes„
853 1168 1021 1243 tempore
1038 1150 1134 1247 firgae
1150 1172 1273 1224 eoram
1292 1146 1509 1237 Absolomo,
1534 1154 1628 1227 adeo
1646 1168 1688 1231 ut

523 1250 649 1322 adens
673 1247 714 1320 fit
734 1263 909 1343 perpetua
930 1245 1072 1321 adlullo.
1118 1244 1583 1338 Hoc‘oculolipericopam
1597 1273 1686 1327 con·
1861 1302 1867 1311 .

523 1345 735 1431 fideremus,
762 1345 838 1434 ejus
856 1340 973 1417 sensus
993 1344 1026 1415 u
1048 1342 1172 1436 scopus
1195 1341 1267 1416 sese
1283 1341 1389 1415 facile
1402 1339 1544 1417 offeret.
1594 1342 1682 1421 Pan·

523 1442 627 1529 dam,
652 1440 718 1513 hac
736 1438 825 1532 jadta
846 1438 1051 1533 hypothes,
1076 1460 1152 1532 quae
1172 1461 1217 1511 ex
1239 1438 1341 1532 supra
1354 1438 1538 1532 disputatis
1554 1439 1684 1534 sponte

523 1538 583 1615 sua
601 1532 942 1625 sesepcommendat,
958 1533 1088 1631 feodum
1101 1536 1318 1625 verborum,
1343 1536 1475 1609 &dein
1492 1542 1685 1633 inprecatio.

521 1640 575 1718 nis
595 1655 721 1709 verum
737 1630 962 1727 conspeetum
977 1631 1010 1703 dr
1025 1630 1180 1724 scopum.
1229 1630 1475 1707 Recensentur
1489 1634 1528 1707 in
1543 1636 1607 1709 bac
1622 1659 1691 1731 pe„

521 1732 644 1824 ricopa
664 1733 772 1819 mala,
797 1751 873 1823 quae
895 1727 1284 1818 hostibusevenirent,
1308 1753 1384 1805 non
1405 1729 1586 1821 confuse,
1623 1751 1686 1814 aut
1794 1796 1799 1807 ,
1827 1783 1829 1788 .

521 1826 699 1916 oratorie,
725 1824 791 1899 aeli
813 1825 953 1900 diuersis
975 1826 1147 1900 orationis
1168 1824 1288 1924 figuris
1310 1842 1450 1903 tantum
1472 1829 1682 1906 exhiberen-
1737 1873 1745 1883 «

521 1942 601 2015 tur,
631 1923 691 2001 sed
711 1920 867 1997 distinsle
892 1922 926 1995 δι
946 1923 1091 2013 ordine,
1120 1946 1193 2017 quo
1218 1923 1431 2001 seinvicem
1452 1924 1680 2020 exciperent,

387 2062 391 2069 ,
520 2022 633 2118 usque
658 2016 823 2097 adfinem
837 2019 1046 2095 seculorum
1085 2051 1119 2097 a.
1134 2016 1288 2095 Primum
1301 2021 1352 2098 ita
1364 2024 1491 2113 habet,
1517 2021 1604 2100 vers.
1621 2046 1681 2118 23.

513 2118 582 2215 fit,
610 2119 766 2213 eritque,
792 2114 899 2214 menso
919 2116 1325 2215 ipsorumlroromipfisiu
1340 2124 1508 2217 loqueum,
1534 2118 1578 2204 &⁹
1591 2117 1682 2217 ipfis-

514 2216 605 2313 fimo
623 2232 738 2313 paces,
764 2212 826 2289 seu
845 2219 881 2288 id
901 2218 981 2313 quod
1002 2218 1045 2291 ad
1058 2232 1174 2314 paces,
1200 2221 1237 2288 iu
1253 2218 1467 2305 radiculam,
1491 2218 1528 2290 b
1550 2240 1582 2291 e
1596 2240 1682 2311 pro

467 2388 471 2393 ,
521 2313 667 2405 speritas
681 2310 893 2385 &securitas
909 2313 1085 2405 ipsorum,
1108 2334 1174 2407 qua
1188 2314 1291 2388 unice
1308 2312 1541 2394 delectantur,
1558 2336 1681 2405 quam.

453 2472 454 2475 ‡
520 2503 1248 2603 po
1300 2405 1683 2578 emmane

520 2600 668 2676 exitium
692 2599 733 2672 iis
754 2600 858 2676 cedat
878 2600 913 2675 &
932 2555 1064 2695 ce’det,
1098 2606 1157 2679 vel
1180 2522 1401 2681 mm
1421 2603 1495 2695 ejus
1509 2602 1683 2693 praebeat.

519 2694 641 2795 Issenses
672 2720 778 2771 coram
804 2696 881 2795 ipses
911 2696 1059 2798 figurate
1089 2701 1240 2779 denotat
1271 2726 1342 2777 rum
1376 2695 1686 2796 prosperitatem,

519 2795 767 2872 abundantiam
787 2796 966 2889 omnibm3
988 2799 1024 2873 di
1038 2822 1163 2895 pacem
1176 2824 1218 2876 ac
1230 2800 1478 2885 securitatem,
1493 2795 1548 2869 uti
1564 2792 1684 2867 habui-

426 2962 432 2971 .
519 2917 618 2986 mus,
649 2892 698 2966 Ps
722 2914 850 2968 xxm:
866 2914 901 2985 5.
926 2896 998 2971 vid.
1019 2898 1153 2991 &Job
1177 2890 1686 2969 mVI:16.tumetiammu-

522 3006 621 3067 tuam
634 2990 846 3080 anicitiam,
871 2993 1070 3067 arrimorum
1086 2985 1390 3077 conspirationem
1404 2983 1439 3053 dt
1451 2979 1683 3061 consiliorum

520 3084 830 3178 eonjundionem,
855 3088 953 3180 eujus
974 3084 1148 3159 emblema
1166 3078 1203 3153 ἃ
1225 3077 1361 3174 signum
1380 3076 1585 3152 solent-effe
1609 3104 1682 3155 coa·
1750 3138 1756 3146 .

521 3187 641 3270 vivia,
655 3194 696 3257 ut
710 3180 762 3258 Ps.
778 3204 850 3259 rin
869 3206 925 3259 1-0.
944 3183 980 3256 dt
992 3180 1086 3255 Dan.
1098 3200 1157 3253 xr:
1174 3175 1305 3273 27.'ubi
1319 3174 1683 3253 vid.c0m1n.n0ster.

559 3279 629 3355 uod
648 3278 821 3373 posterius
840 3302 887 3355 ne
908 3304 973 3356 nos
996 3278 1161 3376 fugeret,
1193 3273 1333 3349 additur
1358 3275 1397 3349 in
1410 3274 1573 3348 membro
1586 3270 1681 3367 seq„
1811 3296 1815 3304 ·

504 3402 542 3457 ,a
593 3374 780 3473 superioris
803 3377 1101 3467 illustrationem,
1146 3388 1189 3451 ut
1210 3370 1289 3447 fieri
1310 3371 1445 3447 adsolet
1463 3370 1501 3444 in
1521 3368 1682 3481 Psalmis,

514 3492 611 3577 pares
624 3477 662 3551 in
678 3478 892 3568 tendiculam,
916 3477 1000 3554 lte.
1011 3472 1241 3562 omnimoda,
1254 3492 1359 3565 quam
1372 3465 1557 3544 firmiffime
1574 3478 1682 3542 etiam

519 3574 632 3667 faita,
660 3590 750 3671 pax,
783 3574 844 3651 seu
864 3577 1032 3672 quicquid
1052 3576 1127 3669 ejus
1148 3568 1249 3649 causa
1272 3568 1404 3645 sailum
1426 3564 1498 3655 est,
1526 3562 1680 3676 ocoafio·

520 3696 604 3749 nem
619 3673 670 3748 ¹&
691 3670 828 3749 causam
851 3676 977 3748 excidii
997 3677 1166 3770 praebeat
1222 3664 1305 3741 Vox
1331 3670 1454 3743 norbo&
1474 3684 1616 3758 proprie
1636 3663 1681 3734 od
1705 3728 1711 3737 .

518 3783 611 3864 potes
624 3787 816 3863 utrumque
832 3767 919 3843 illud
934 3768 1227 3864 comprehendit,
1252 3780 1296 3837 ut
1310 3759 1521 3859 fitipfiffima
1534 3782 1619 3860 pax,
1643 3758 1680 3831 dt

523 3864 619 3962 quod
649 3868 692 3939 ad
720 3887 855 3963 pacem·
871 3864 938 3955 fit,
979 3882 1089 3960 prout
1115 3869 1134 3939 5
1161 3885 1228 3958 pro
1254 3860 1404 3935 articulo
1424 3879 1505 3932 cum
1528 3852 1682 3952 emphasi

519 3960 739 4054 abundante,
774 3963 950 4059 ipsamque
982 3964 1035 4035 rei
1059 3960 1241 4035 essentiam
1262 3956 1297 4030 u
1316 3953 1549 4049 praestantiam
1567 3953 1684 4048 expri-

516 4076 664 4153 mente,
689 4060 882 4154 habeatur,
896 4061 957 4137 vel
972 4059 1098 4156 ellipsis
1111 4056 1248 4136 voculae
1260 4049 1550 4129 spammutes&
1566 4065 1685 4125 verta-

614 4244 618 4250 ,
719 4226 723 4234 -
1598 4160 1681 4235 tur,
