3900 5117
541 572 612 647 coo
714 505 1526 637 commaneremus

543 763 623 839 darn
646 759 894 857 accingebant,
918 754 1106 847 Deumque
1129 748 1300 845 suppIIces
1315 762 1532 843 precantur,
1570 762 1611 825 ut
1633 750 1707 828 He·

545 848 704 933 roas'suo
723 856 847 951 spiritu
860 856 1013 943 animet,
1039 870 1233 941 eorumque
1248 845 1387 939 coeptIs
1402 843 1544 919 felicem
1557 846 1620 921 det
1632 851 1703 923 exi·

541 970 631 1031 tum.
681 952 736 1026 Sir
755 976 870 1121 angatur
884 966 962 1039 tua,
987 962 1091 1023 orant
1114 942 1235 1021 nostro
1250 942 1301 1017 Ps.
1316 938 1403 1015 vers.
1428 944 1503 1033 18.,
1513 940 1616 1041 super
1630 949 1703 1021 vira

544 1056 662 1127 dextra
690 1064 753 1123 tua
812 1071 843 1122 c.

590 1153 622 1239 §.
642 1145 740 1220 VIII.
765 1145 823 1218 Ad
844 1143 910 1218 hos
925 1136 1140 1217 characteres
1164 1138 1188 1213 sr
1209 1138 1304 1233 qula,
1325 1136 1426 1213 verbi
1447 1138 1648 1233 prophetici
1670 1139 1707 1215 br

542 1244 763 1318 historiarum
791 1263 866 1315 non
881 1239 1021 1335 prorsus
1035 1238 1239 1332 imperitus,
1260 1237 1448 1331 praecipuas
1463 1236 1705 1331 interpretum

542 1336 753 1436 hypotheses
781 1336 1060 1424 examinaverit,
1096 1336 1125 1405 is
1147 1355 1267 1407 earum
1288 1332 1471 1407 falsrtatem
1491 1332 1626 1427 liquido
1647 1336 1710 1408 de·

542 1436 751 1533 prehendet.
814 1432 1026 1509 Communis
1047 1429 1128 1505 sane
1152 1429 1295 1523 opimo,
1322 1451 1397 1523 quae
1411 1430 1536 1520 habet,
1563 1431 1705 1510 exilium

537 1554 567 1607 x
586 1534 771 1619 tribuum,
813 1530 1060 1623 Assyriacunr,
1094 1527 1153 1601 vel
1174 1526 1448 1618 Babylonicum,
1479 1526 1551 1601 hoc
1570 1527 1706 1605 Psalmo
1726 1535 1728 1545 '

542 1629 592 1704 ob
612 1630 736 1704 oculos
755 1625 844 1716 usti,
870 1629 927 1701 cui
950 1625 1133 1700 sententia
1156 1623 1328 1711 calculum
1347 1644 1488 1717 quoque
1509 1623 1594 1699 olim
1613 1625 1707 1701 addi

543 1728 644 1802 derat
665 1725 719 1803 cl.
741 1724 904 1823 Vitringa
923 1744 961 1812 a,
987 1721 1046 1795 sed
1062 1745 1081 1794 a
1095 1744 1162 1815 qua
1176 1714 1298 1815 postea
1312 1718 1484 1811 discesfit,
1506 1737 1546 1795 ut
1560 1742 1603 1795 ex
1616 1745 1727 1799 non·

545 1825 649 1899 nullis
671 1822 759 1896 locis
777 1842 910 1899 comm.
932 1819 976 1893 ad
998 1817 1066 1911 Jes.
1081 1819 1212 1912 liquet,
1236 1838 1318 1894 cum
1333 1817 1434 1891 nullo
1448 1818 1592 1892 criterio
1606 1816 1722 1915 supra·

544 1917 718 2015 producto
739 1918 920 1991 conciliari
941 1914 1072 2007 potest.
1121 1912 1218 1988 Ant'e
1234 1912 1320 1988 illud
1334 1915 1430 1987 enim
1443 1931 1581 2008 tempus
1596 1915 1709 2010 Judaei

544 2039 610 2111 per
628 2014 856 2108 Babyloniam
876 2013 910 2085 ἃ
933 2012 1141 2109 Aegyptum
1161 2008 1259 2085 sedes
1281 2010 1369 2085 adeo
1392 2012 1597 2105 frequentes
1617 2036 1706 2091 nou·

543 2114 628 2189 dum
648 2104 815 2199 fixerant,
839 2108 1030 2207 synagogas
1046 2108 1206 2182 nondum
1219 2107 1413 2183 habebant:
1438 2130 1484 2183 eo
1498 2109 1604 2185 etiam
1618 2126 1706 2189 tem·

545 2224 634 2305 pore
656 2206 909 2304 prophetarum
929 2204 1034 2280 series
1059 2204 1219 2281 nondum
1233 2204 1400 2295 deflerat,
1425 2206 1595 2281 terminus
1608 2208 1703 2281 exilii

542 2310 687 2403 ignotus
707 2307 745 2379 in
765 2324 896 2400 genere
915 2325 992 2377 non
1014 2318 1110 2392 erat,
1133 2300 1191 2375 sed
1209 2324 1229 2374 a
1247 2299 1400 2394 Jeremia
1415 2302 1509 2376 clare
1523 2300 1703 2378 definitus:

543 2398 1706 2593 rasareemhainanhusun

542 2591 754 2687 praeferebat
775 2591 949 2685 speciem,
972 2590 1035 2666 sed
1053 2592 1137 2666 belli
1156 2592 1306 2667 solennis
1325 2588 1402 2667 era't
1422 2592 1613 2669 effectum:
1645 2596 1702 2669 de·

544 2689 653 2782 nique
666 2691 846 2765 neminem
859 2692 1057 2780 habebant,
1081 2712 1187 2784 aquo
1202 2712 1321 2765 rerum
1334 2690 1472 2774 suarum
1483 2690 1702 2769 instauratio·
1815 2692 1818 2697 ‘

541 2808 628 2863 nem
649 2786 847 2882 exspetlare
868 2803 1054 2882 poterant:
1082 2786 1193 2881 Cyrus
1214 2790 1330 2867 enim.
1343 2789 1387 2861 de
1401 2811 1471 2882 quo
1486 2788 1703 2888 hiccogita'ri

542 2882 679 2980 poffet,
703 2908 743 2959 re
874 2884 994 2979 Babyl.
1019 2899 1101 2959 ante
1121 2885 1318 2973 devicerat,
1353 2907 1461 2984 quam
1482 2908 1563 2959 eum
1582 2909 1649 2982 pro
1664 2888 1702 2961 li·

542 2985 709 3058 beratore
747 3007 795 3055 uo
816 2981 1006 3078 agnoscere
1027 2982 1212 3074 potuerim
1233 2979 1370 3073 Judaei,
1407 2981 1459 3053 ita
1475 2998 1519 3055 ut
1537 2983 1575 3055 in
1596 2984 1702 3059 exilio

528 3078 639 3174 ipso,
670 3077 783 3151 stante
805 3100 917 3172 regno
939 3078 1058 3167 Rabyl.
1084 3076 1127 3146 de
1150 3074 1245 3167 Cyro
1260 3076 1319 3148 vix
1334 3076 1488 3173 cogitare
1502 3084 1705 3173 potuerintr

543 3174 699 3262 accedit,
726 3172 817 3245 haud
836 3171 985 3261 obscure
1008 3172 1126 3258 innui,
1141 3184 1203 3243 eos
1216 3171 1341 3246 heroas
1366 3196 1409 3245 ex
1422 3174 1497 3267 Ipso
1509 3176 1581 3249 Dei
1593 3201 1704 3272 popu-

381 3299 385 3306 ’
539 3271 579 3344 lo
601 3269 671 3341 else
693 3268 915 3345 suscitandos.
965 3266 1216 3342 Zerubbabelis
1236 3290 1327 3344 vero
1349 3269 1466 3362 ducis,
1490 3273 1533 3346 de
1554 3296 1624 3367 quo
1645 3274 1704 3351 alii

531 3368 722 3464 cogitant,
748 3367 877 3461 quippe
892 3366 949 3438 cui
964 3363 1116 3438 bostium
1131 3366 1340 3457 debellatio,
1367 3367 1401 3441 &
1416 3371 1536 3463 populi
1550 3372 1703 3447 vIndIea·

317 3530 321 3543 ,
416 3501 419 3505 -
540 3465 614 3553 tio,
637 3466 732 3539 nulla
745 3463 861 3559 specie
876 3462 1019 3553 attribui
1033 3460 1169 3555 potest,
1193 3464 1251 3539 hic
1265 3466 1357 3539 nulla
1370 3465 1517 3539 labenda
1530 3466 1580 3539 est
1597 3470 1700 3546 ratIo.

530 3596 534 3604 ι
590 3566 631 3650 §.
646 3560 707 3637 IX.
757 3560 932 3654 Praecipua
952 3581 1076 3636 eorum
1098 3560 1208 3648 ratio,
1240 3562 1298 3653 qui
1326 3564 1459 3650 exitium
1479 3562 1702 3660 intelligunt,

422 3698 431 3708 x
540 3658 579 3732 in
601 3656 756 3733 formula
772 3658 868 3729 reduc
885 3681 943 3731 nos
962 3656 1043 3740 fita,
1076 3658 1177 3751 supra
1195 3658 1264 3747 jam
1285 3654 1335 3727 est
1354 3654 1525 3735 refutata:
1551 3660 1704 3743 aliorum

393 3785 399 3795 ·
526 3750 1439 3850 autem,quiAffyriacumexiliumiudIcaricensent,
1455 3757 1700 3835 ratioexvers.

540 3874 575 3926 a.
601 3850 757 3943 petitur,
798 3853 861 3924 ubi
882 3874 1001 3925 coram
1024 3852 1220 3947 Ephraimo,
1252 3849 1443 3947 Benjaminc
1467 3852 1500 3923 &
1525 3849 1699 3950 Manaffe,

537 3947 739 4042 potentinm
759 3946 831 4019 Dei
850 3949 1071 4023 excitandam
1088 3963 1213 4023 mam:
1243 3946 1303 4023 sed
1323 3948 1381 4023 vel
1402 3946 1474 4025 sola
1491 3947 1699 4063 Berzjcrau'm'r

576 4152 695 4234 esuu-
717 4155 760 4224 V.
784 4159 807 4223 I.
832 4176 861 4227 1.
885 4180 918 4243 p.
947 4178 998 4231 11.
1023 4183 1053 4233 c.
1080 4180 1131 4239 ιο,
1596 4068 1683 4143 me'n
