3900 5117
497 528 569 620 att
672 519 1518 610 COMMENTARIUS-³·

505 728 699 831 prophetiis
719 729 762 801 de
778 706 848 801 hoc
862 720 1264 821 populo⁴respondeantz
1287 727 1341 799 uti
1355 725 1503 805 constat
1532 718 1664 807 ‘'Acce.

506 832 577 918 dit,
602 824 726 921 populi
744 822 857 918 Judaei
875 822 1161 898 instaurationem
1176 822 1220 895 ad
1233 844 1310 895 earn
1324 822 1488 898 Ecclefiae
1502 824 1663 905 Christia-

504 948 558 1001 nae
585 921 759 1014 respicere
781 934 946 1012 tanquam
968 920 1138 1012 scopum,
1162 920 1464 1011 complementum
1487 924 1662 1001 &sunda-

502 1036 665 1099 mentum
679 1015 800 1105 suum,
822 1017 967 1109 ejusque
982 1016 1079 1103 simul
1092 1030 1219 1108 typum
1236 1013 1304 1087 effe
1317 1017 1350 1086 dt
1363 1020 1559 1096 emblema:
1574 1025 1665 1098 adeo
1765 1046 1771 1055 ·

503 1132 544 1193 ut
566 1133 716 1208 uterque
736 1110 874 1202 sensus,
905 1109 1065 1186 litteralis
1084 1106 1119 1183 dt
1134 1109 1322 1235 mysticus,
1342 1110 1452 1213 'reete
1475 1118 1666 1193 consistere
1848 1118 1866 1149 ⁸

499 1210 623 1307 poffit,
647 1210 816 1284 &soleat
885 1234 888 1241 ’
972 1297 981 1313 .
1053 1296 1061 1312 ·
1102 1297 1110 1313 ι

548 1314 581 1398 q.
596 1304 675 1379 LV.
714 1306 783 1375 Sed
795 1306 855 1372 duo
871 1316 957 1372 tunc
970 1318 1127 1390 mpnmrs
1140 1296 1240 1386 sunt,
1262 1320 1337 1393 quae
1351 1303 1508 1394 expediri
1523 1328 1662 1387 meren.

502 1414 579 1492 nn,
603 1405 743 1472 alteram
765 1394 835 1485 est,
859 1416 929 1488 qua
949 1395 1086 1468 ratione
1104 1393 1215 1486 Judaei
1236 1398 1359 1491 populi
1378 1398 1600 1493 instaurati0,
1625 1409 1665 1484 dt

528 1495 740 1591 rosperitar,
776 1488 879 1587 poffit
897 1490 1127 1580 confidemri,
1164 1506 1328 1585 tanquam
1347 1498 1492 1571 materia
1511 1498 1546 1573 ἂ
1566 1504 1662 1579 ratio

499 1592 718 1689 jubilationis
743 1590 853 1665 totius
876 1586 1051 1677 universi,
1081 1592 1224 1661 droam
1247 1589 1317 1680 eli,
1342 1614 1415 1685 quo
1429 1594 1529 1669 sensu
1542 1596 1662 1691 David
1723 1614 1726 1618 ’

500 1694 575 1785 ejus
600 1704 821 1765 memnonem
841 1685 959 1761 faeere
982 1686 1140 1781 potuerit
1163 1685 1234 1759 hoc
1262 1688 1299 1761 in
1318 1688 1419 1780 casu,
1443 1691 1478 1764 u
1497 1707 1661 1789 tanquam

500 1786 721 1880 consequens
750 1782 817 1859 suae
838 1782 1055 1856 liberationis
1078 1778 1308 1859 considerare.
1364 1784 1473 1860 Prior
1486 1790 1571 1863 illud
1592 1805 1665 1868 nos'

499 1907 578 1961 non
598 1880 792 1979 detinebit,
831 1901 915 1955 cunr
936 1877 990 1952 Cl.
1012 1877 1176 1975 Vitringa
1198 1881 1282 1954 illud
1291 1883 1364 1974 jam
1378 1882 1600 1960 illustraverit
1612 1889 1663 1961 ad

500 1980 570 2077 Jes.
596 2000 697 2053 xttv:
714 2000 795 2073 23„
819 1978 880 2051 ubi
900 1974 996 2051 idem
1015 1973 1093 2047 sere
1109 1978 1286 2053 occurrit:
1311 2001 1418 2071 quare
1431 2004 1505 2058 uno
1518 1996 1660 2062 tantum·

500 2080 618 2161 uerbo
631 2074 765 2152 notasse
779 2071 976 2163 suffecerit,
992 2070 1182 2148 Ecclefiam
1198 2073 1379 2166 Judaicam
1392 2080 1531 2156 easdem
1544 2084 1591 2156 ob
1605 2095 1658 2155 ra·‘

501 2177 647 2265 tiones,
678 2172 765 2247 licet
792 2172 930 2249 mirrore
959 2168 1089 2267 gradu,
1128 2172 1176 2245 ob
1212 2193 1294 2264 quas
1318 2172 1472 2249 Ecclesia
1496 2176 1657 2253 Christia-

500 2293 567 2361 na,
599 2271 784 2345 materiam
802 2268 1020 2361 jubilationis
1041 2266 1212 2343 universae
1234 2290 1353 2347 rerum
1371 2288 1504 2346 naturae
1525 2278 1661 2367 praebe*

499 2388 561 2451 re,
587 2388 658 2435 cum
673 2368 768 2453 quod
782 2384 869 2437 vera
881 2366 951 2436 Dei
966 2364 1092 2439 notitia
1105 2364 1140 2438 dt
1151 2364 1273 2461 religio
1287 2369 1330 2440 ab
1344 2388 1386 2439 ea
1397 2368 1569 2461 pendeat,
1584 2385 1656 2441 turn

503 2457 621 2553 quod,
639 2454 711 2533 stne
726 2479 769 2531 ea
781 2457 1010 2551 conservata,
1029 2460 1184 2537 Ecclesia
1196 2461 1405 2553 Christiana,
1427 2464 1511 2537 inde
1525 2466 1659 2558 qnippe

502 2553 682 2643 oriunda,¹
696 2557 732 2629 &
752 2576 831 2629 eam
851 2555 1155 2649 consummatura,
1179 2562 1300 2637 locum
1313 2562 1476 2636 invenire
1491 2579 1661 2654 nonposa

502 2649 565 2765 set.
605 2650 684 2763 §qd
706 2648 867 2747 posterius
895 2656 1088 2747 explicatus
1106 2656 1236 2769 babere
1263 2660 1404 2735 videtur
1427 2654 1662 2749 difficiliores,

502 2748 1589 2947 laepffitpldelilldffilll{fillldfdssld
1601 2752 1664 2925 {ll

500 2940 604 3029 ualde
619 2940 782 3017 alienum.
808 2942 868 3017 nd
881 2966 988 3037 quem
999 2946 1132 3021 nodnm
1147 2946 1375 3031 solvendum,
1392 2967 1423 3014 1.
1440 2944 1508 3014 dici
1522 2944 1660 3035 posset,

500 3038 698 3126 Davidem,
723 3038 751 3111 st
777 3040 852 3132 eJ'us
872 3038 938 3113 stnt
960 3042 1094 3123 verba,
1112 3038 1158 3107 de
1176 3056 1248 3126 quo
1271 3058 1376 3125 mox,
1400 3051 1442 3111 ut
1459 3036 1600 3114 Tnonis
1622 3042 1659 3116 &

501 3133 628 3228 populi
647 3132 758 3225 Judaei
777 3151 986 3232 perpetuam
1006 3129 1313 3207 conservationem
1335 3152 1381 3206 eo
1400 3132 1531 3210 fortius
1545 3138 1661 3231 etpri-

502 3242 638 3320 meret,
665 3230 760 3325 quod
781 3233 924 3328 proprie
939 3232 976 3306 in
989 3228 1108 3304 animo
1121 3227 1263 3317 habuit,
1287 3228 1458 3315 Tsionem
1473 3254 1555 3308 cum
1568 3238 1663 3309 urbi·

501 3327 568 3407 bus
598 3323 695 3421 Judae
715 3330 777 3403 libi
797 3348 961 3425 tanquam
981 3324 1188 3401 destructam
1206 3327 1484 3423 repraesentasse,
1506 3332 1601 3423 quod
1619 3335 1659 3410 in

501 3426 633 3521 Spiritu
649 3428 768 3521 potuit
780 3428 995 3524 previdere,
1009 3425 1105 3520 quod
1120 3423 1266 3501 Mnisrus
1280 3448 1419 3522 quoque
1434 3426 1659 3523 observavit,

500 3524 775 3698 rerem
787 3524 1013 3699 tetrarte

472 3796 476 3809 ,
503 3714 650 3791 hibuisse
666 3666 849 3790 matediam
859 3646 1156 3811 jubiliz’dendque
1172 3742 1253 3793 cum
1265 3718 1325 3791 sua
1338 3718 1372 3792 δι
1385 3719 1519 3792 Messrae
1532 3722 1659 3794 exalta*

504 3808 603 3890 tione
627 3812 719 3888 artie
740 3832 941 3889 connexam
966 3812 1213 3904 confidemsse,
1245 3830 1288 3888 ut
1300 3837 1367 3907 pro
1383 3817 1562 3911 utriusque
1576 3827 1660 3891 con·

503 3906 670 4004 sequente
693 3908 814 3985 haberi
834 3908 946 4005 polilt.
1002 3909 1136 4002 Utique
1161 3911 1286 3985 durare
1306 3912 1458 3987 debebat
1478 3914 1586 3988 Tsron
1607 3924 1661 3989 us'·
1688 3968 1690 3972 -

504 4028 572 4103 que
594 4004 838 4097 aduenam,
869 4009 908 4083 in
927 4028 1000 4101 quo
1018 4006 1339 4094 consummaretur,
1370 4006 1407 4079 dc
1422 4010 1461 4083 in
1474 4010 1665 4087 Salomone
1798 4093 1802 4097 ,
1880 4004 1889 4033 “

1585 4130 1668 4203 Plo·
