3900 5117
540 521 611 599 792
720 476 1527 565 connumeratus

543 700 614 785 bit,
638 714 695 767 uec
706 686 881 787 prohibebit
894 684 1009 755 bouum
1022 678 1267 753 ambulantibus
1282 682 1430 775 integre,
1459 677 1527 753 acsi
1548 677 1706 761 diceret:

546 809 587 867 ut
609 804 744 885 pateat,
776 803 834 857 me
857 800 925 855 nec
946 795 1085 851 temere
1101 775 1281 850 indubiam
1296 774 1393 870 spem
1407 798 1553 871 precum
1568 783 1709 855 exaudi·

544 890 711 965 endarum
739 876 971 973 concepisse,
1004 894 1073 946 nec
1099 870 1187 945 falso
1217 871 1453 948 fundamento
1473 893 1536 948 aut
1555 874 1709 957 sublesta

543 984 720 1078 quibusvis
741 980 843 1069 hujus
867 975 951 1047 vitae
973 970 1077 1043 bonis
1091 970 1292 1063 praetulisse
1311 972 1445 1045 cultum
1459 972 1529 1046 Dei
1545 974 1582 1045 in
1599 974 1708 1054 domo

543 1084 637 1175 ejus3
663 1096 747 1151 ecce
765 1073 946 1162 utriusque
962 1064 1107 1141 solidam
1120 1068 1317 1155 rationem,
1341 1069 1448 1142 aDei
1461 1069 1656 1148 virtutibus
1669 1092 1710 1150 et

542 1175 770 1253 relationibus
788 1168 832 1241 ad
845 1169 921 1261 pios
934 1180 973 1240 et
988 1163 1121 1239 sanctos
1136 1166 1211 1256 ejus
1224 1164 1381 1237 cultores
1396 1164 1611 1240 derivatam!
1642 1169 1709 1264 Est

541 1274 638 1349 Deus
643 1268 695 1366 sol
710 1264 753 1350 l?
768 1270 918 1361 clypeus,
943 1279 1013 1337 etc.
1053 1260 1226 1335 Offerunt
1239 1260 1310 1334 sese
1323 1262 1381 1334 hic
1429 1294 1463 1336 u.
1488 1266 1583 1339 bona
1596 1282 1635 1340 et
1648 1269 1706 1342 be·

541 1365 668 1446 neficia
686 1388 707 1441 a
728 1365 812 1438 Deo
825 1358 1076 1456 exspellanda,
1123 1362 1161 1446 β.
1185 1379 1312 1433 eorum
1327 1357 1566 1452 characteres,
1591 1366 1705 1455 quiea

540 1467 603 1545 srbi
618 1460 831 1559 promittere
849 1474 999 1552 queant,
1025 1472 1063 1530 et
1076 1458 1177 1528 c'erto
1190 1456 1321 1529 certius
1337 1456 1608 1550 consequentur.

587 1566 621 1653 ᾗ.
635 1560 676 1635 1.
728 1590 763 1635 c.
787 1556 829 1631 ln
849 1560 955 1651 priore
982 1551 1101 1627 versus
1123 1567 1244 1645 parte,
1278 1574 1367 1645 quae
1388 1552 1562 1630 beneficia
1580 1579 1600 1631 a
1616 1557 1703 1637 Deo

541 1656 762 1735 conferenda
783 1652 949 1743 exhibet,
999 1674 1032 1725 a.
1056 1648 1129 1725 Dei
1148 1650 1381 1751 proprietates
1401 1666 1439 1725 et
1457 1654 1705 1731 relationesad

541 1758 620 1853 pios
647 1751 893 1829 describuntur
946 1751 975 1823 b.
1001 1743 1074 1843 ipsa
1092 1749 1214 1837 bona,
1244 1748 1326 1821 inde
1346 1747 1494 1825 oritura.
1544 1775 1577 1826 c.
1604 1756 1705 1830 Deus

534 1852 616 1950 'ipse
650 1851 789 1925 duobus
820 1846 1089 1923 emblematibus
1123 1842 1208 1917 Solis
1241 1859 1279 1918 et
1305 1849 1437 1941 clypei,
1473 1847 1581 1944 depin
1606 1852 1703 1941 'tur;

543 1948 759 2047 quaesaciles
778 1944 931 2033 habent,
962 1938 1270 2037 seorsumipofita,
1303 1943 1517 2036 explicatus,
1543 1944 1565 2020 s
1614 1970 1703 2041 quo.

447 2110 449 2117 .
543 2070 626 2125 rum
653 2041 910 2139 conjunctionis
938 2042 1031 2115 ratio
1057 2038 1151 2139 haud
1178 2040 1227 2113 ita
1252 2037 1357 2112 facile
1376 2043 1551 2137 panditur.
1607 2044 1706 2145 Quid

542 2146 639 2221 enim
650 2142 718 2240 soli
739 2162 822 2217 cum
842 2140 981 2235 clypco?
1005 2135 1142 2225 Chald,
1167 2136 1233 2209 hac
1247 2136 1447 2231 disparitate
1464 2159 1599 2231 motus,
1625 2164 1706 2217 ver·

542 2244 588 2321 tit
607 2261 720 2316 murus
740 2242 829 2313 ultus
846 2253 885 2313 et
901 2238 1049 2333 clypeus:
1073 2254 1141 2309 uec
1156 2234 1309 2309 multum
1323 2235 1397 2310 abit
1409 2235 1461 2311 Cl.
1476 2235 1709 2313 Commenta-

542 2357 601 2416 tor
630 2337 698 2433 Jes.
728 2334 773 2411 ad
801 2357 833 2411 c.
862 2356 937 2409 trv:
962 2353 1020 2407 11.
1043 2336 1322 2428 propugnaculum
1342 2330 1438 2405 reddi
1458 2330 1553 2426 posse
1580 2334 1707 2408 obser.

541 2448 658 2521 vans't
685 2432 745 2507 sed
760 2434 817 2507 cui
832 2430 1017 2527 adsurgere
1030 2450 1192 2522 neque0,
1217 2443 1315 2519 tum,
1340 2428 1434 2521 quod
1448 2426 1708 2509 velrariffimus

544 2531 595 2609 est
613 2530 676 2605 iste
692 2530 792 2605 vocis
807 2527 907 2617 usus,
917 2527 975 2600 vel
990 2526 1107 2620 potius
1120 2522 1220 2599 fittus
1233 2539 1296 2600 aut
1308 2526 1484 2616 incertum
1497 2528 1619 2621 utique
1633 2528 1706 2623 Jes.

542 2627 797 2803 templu
815 2622 1008 2818 stipis?
1028 2619 1368 2819 &duillius
1387 2625 1591 2817 utero
1606 2628 1704 2800 ut

985 2770 997 2811 b
1352 2772 1366 2812 θ

542 2846 600 2902 10.
627 2829 757 2922 clypeus
778 2818 822 2905 ὃ
842 2823 953 2896 aileu
975 2818 1109 2911 conjun
1132 2834 1263 2908 antur,
1303 2832 1344 2893 ut
1362 2819 1420 2893 hic
1431 2818 1485 2915 scl
1504 2836 1542 2895 et
1563 2825 1697 2917 clypeus.

540 2922 663 3023 Quare
687 2920 747 2993 vel
768 2918 916 3013 disparia
936 2916 995 2990 hic
1014 2938 1084 3010 cop
1122 2919 1192 3005 ari,
1217 2930 1260 2991 ut
1278 2914 1366 3010 sape
1387 2916 1425 2991 in
1444 2917 1597 3011 mysticis
1609 2918 1701 2992 obti-

540 3034 627 3108 net,
652 3017 748 3110 quod
764 3016 803 3090 in
821 3012 975 3107 subjeblo
989 3014 1225 3099 conveniant,
1247 3013 1436 3089 dicendum
1451 3012 1521 3105 est,
1541 3016 1599 3089 vel
1610 3016 1703 3106 alio,

543 3116 642 3213 quod
655 3114 758 3191 nobis
772 3114 935 3209 ignotum
949 3110 1021 3203 est,
1035 3110 1170 3202 respici.
1195 3108 1231 3182 Si
1238 3106 1339 3204 scuta
1352 3111 1423 3186 hoc
1438 3129 1601 3207 tempore
1615 3110 1703 3211 figu-

541 3216 589 3289 ris
611 3214 647 3287 a
667 3208 951 3303 inscriptionibus
971 3206 1115 3285 fuissent
1127 3222 1269 3295 ornata,
1295 3208 1355 3300 qui
1369 3208 1445 3284 satis
1459 3212 1642 3305 antiquus,
1665 3212 1703 3284 dt

541 3306 657 3406 paffim
671 3318 834 3402 receptus
849 3327 927 3379 mos
943 3304 1014 3379 suit
1027 3302 1160 3392 b,Solis
1172 3304 1359 3401 imaginem
1374 3306 1412 3381 in
1426 3304 1528 3383 scuto
1543 3306 1702 3382 suissevi-

542 3430 586 3483 ro
600 3399 982 3489 divino-obversatam,
992 3402 1119 3495 quovis
1133 3402 1283 3497 pignore
1299 3406 1555 3479 contenderem
1566 3427 1701 3498 3nunc,

461 3548 463 3553 ·
542 3527 626 3583 curn
645 3501 689 3579 de
712 3520 758 3573 eo
781 3500 866 3573 nihil
888 3495 1207 3593 adfirmaripoffit,
1239 3500 1325 3573 nihil
1347 3502 1489 3596 propius
1503 3500 1702 3596 succurrit,
1842 3533 1844 3580 t

542 3626 648 3697 quam
662 3604 841 3677 columnam
855 3600 951 3671 uubis
967 3596 1187 3692 protegentis
1201 3596 1305 3671 instar
1319 3601 1440 3694 clypei,
1467 3596 1511 3681 ἐξ
1525 3605 1614 3697 iguis
1628 3602 1704 3676 illu.

543 3698 682 3774 strantis
696 3694 800 3773 instar
812 3696 913 3791 solis,
939 3692 1002 3791 ipsr
1021 3694 1060 3770 in
1073 3694 1185 3769 ousiis
1198 3693 1320 3782 fuisse,
1352 3695 1450 3787 quod
1465 3695 1508 3770 ad
1523 3720 1600 3771 eam
1614 3699 1648 3772 dc
1661 3698 1702 3771 fi·

543 3796 684 3873 milibus
702 3796 742 3870 in
765 3796 853 3873 loeis
874 3794 1103 3894 respiciatur,
1128 3790 1187 3865 uti
1205 3788 1274 3883 Jes.
1292 3810 1345 3865 tv:
1366 3812 1424 3885 5.,
1449 3794 1613 3889 quodque
1629 3797 1705 3891 ejus

1494 3913 1705 3971 monumen·

540 4056 615 4187 ἀ
624 4034 675 4184 Ap
696 4037 757 4187 Jps.
780 4038 804 4107 l.
828 4054 857 4106 c.
984 4042 1002 4105 b
1025 4032 1102 4107 Vid.
1125 4033 1178 4105 Fr.
1202 4036 1314 4125 lunius
1337 4036 1379 4104 de
1401 4036 1523 4123 pistura
1545 4032 1705 4109 Vctenrm
