3900 5117
469 441 1522 615 ·mconmsnran1us

529 712 606 789 quae
621 692 763 786 proprie
781 690 871 771 dicit
876 690 1004 785 findere
1017 695 1254 778 acuminatim,
1278 692 1467 784 cuspidare,
1488 710 1614 768 aurum
1626 716 1707 789 pro.

529 792 606 882 prie
635 789 742 887 signat
771 788 1017 879 letlislimum,
1056 788 1153 884 quod
1180 782 1345 879 effinditur
1367 810 1400 879 q.
1430 786 1632 881 suasponte
1659 816 1704 868 ex

436 970 443 981 ‚
528 900 632 957 terrae
647 887 804 983 gremi0,
830 886 1017 963 excodum
1039 887 1083 959 ad
1102 886 1275 961 summum
1289 882 1462 972 nitorem,
1487 884 1608 979 estque
1623 911 1702 965 acre

528 995 565 1055 et
588 998 739 1072 acutum,
765 987 861 1077 quod
884 986 1017 1073 vibrat,
1042 999 1080 1056 et
1100 984 1215 1056 mrdto
1236 979 1421 1072 splendore
1435 982 1549 1072 pollet
1564 1010 1595 1059 a.
1643 987 1704 1062 Al.

413 1120 416 1125 ·
469 1152 472 1159 ,
529 1092 605 1153 tera
620 1102 709 1154 vero
724 1103 798 1155 vox
819 1110 856 1176 ps
876 1108 902 1153 n
923 1094 962 1154 et
982 1079 1112 1154 coloris
1135 1075 1255 1151 viridis
1271 1076 1308 1148 in
1320 1077 1489 1169 pallidum
1502 1086 1704 1176 vergentis,

391 1254 397 1263 ,
528 1189 566 1249 et
591 1178 796 1252 laminarum
824 1177 895 1249 srve
923 1176 1140 1250 bratteatum
1169 1172 1421 1283 cogitationem
1441 1175 1574 1267 injicit,
1600 1180 1703 1269 cujus
1844 1213 1846 1217 ³

526 1272 705 1367 utriusque
720 1276 779 1347 hic
791 1276 881 1348 ratio
889 1272 985 1345 reste
998 1274 1347 1365 babeturzorrgmem
1362 1270 1469 1344 habet
1485 1299 1554 1381 pa,
1580 1274 1639 1347 cui
1672 1294 1711 1351 n·

525 1370 634 1445 etiarn·
661 1370 876 1465 respondet,
914 1370 951 1443 in
973 1374 1077 1442 nitore
1104 1368 1278 1455 micante,
1309 1366 1511 1457 emicante,
1543 1370 1640 1443 unde
1662 1386 1701 1449 et

523 1472 666 1556 viroris,
691 1467 752 1541 seu
770 1468 876 1539 viridi
891 1467 1035 1555 nitoris,
1058 1464 1156 1539 simul
1171 1462 1409 1554 flavescentis,
1434 1481 1473 1554 et
1485 1464 1581 1562 sputi
1599 1467 1700 1561 usus,

524 1565 573 1637 ob
600 1564 794 1638 claritatem
817 1562 1046 1657 pellucidam,
1086 1557 1208 1649 fluxit,
1232 1572 1405 1654 praterea
1425 1562 1625 1639 derivatum
1687 1595 1700 1623 ν

521 1659 636 1733 induit
655 1661 841 1735 notionem
856 1658 941 1751 solii
963 1660 1109 1733 virentis
1123 1675 1161 1733 et
1174 1656 1414 1747 flavescentis3
1438 1682 1515 1754 quar
1528 1665 1572 1735 ab
1585 1662 1698 1737 Arab.

520 1754 686 1831 translata
706 1756 757 1831 est
781 1758 825 1831 ad
847 1759 988 1839 bratteas
1009 1763 1085 1830 auri
1106 1757 1164 1830 vel
1178 1762 1331 1851 argenti,
1355 1758 1480 1849 quibus
1494 1759 1623 1852 aliquid
1635 1760 1699 1834 ob·

520 1852 681 1945 ducitur'3
721 1877 786 1929 nos
802 1851 895 1945 folia
922 1854 1080 1929 dicimus.
1137 1853 1346 1948 Duplicatio
1366 1874 1458 1928 vero
1479 1855 1699 1947 litterarum,

520 1951 573 2024 uti
595 1950 672 2025 satis
694 1950 849 2039 constat,
882 1952 1035 2026 intendit
1061 1948 1318 2047 significatum,
1343 1950 1505 2045 adeoque
1519 1952 1697 2030 intensum

519 2060 558 2121 et
578 2049 781 2123 rutilantem
805 2049 952 2128 denotat
975 2050 1153 2138 virorem,
1185 2048 1285 2124 fimus
1305 2044 1525 2126 bneearum
1538 2052 1698 2127 multitu·

481 2234 484 2239 Ι
520 2144 652 2219 dinem.
709 2146 785 2218 Ala
813 2168 903 2221 vero
931 2165 970 2221 et
994 2164 1109 2243 penna
1139 2168 1220 2221 cum
1249 2147 1415 2221 dicuntur
1443 2144 1479 2221 in
1502 2149 1622 2224 virore
1643 2151 1694 2224 in·

519 2238 623 2313 tenso
648 2254 686 2314 et
706 2241 883 2317 bratteam
902 2246 1001 2334 auri,
1032 2239 1264 2340 significatur,
1296 2264 1353 2315 eas
1375 2244 1435 2314 vel
1455 2246 1602 2339 siduitas
1623 2245 1697 2317 else

516 2337 712 2411 virentibus
734 2338 879 2413 bratteis
894 2341 990 2430 auri,
1016 2341 1131 2413 verbo
1154 2364 1220 2412 aaa
1239 2337 1412 2430 repento,
1439 2338 1497 2409 vel
1511 2351 1603 2413 totas
1621 2338 1693 2413 else

515 2434 622 2523 talem
655 2448 697 2510 ut
717 2442 790 2509 ain
813 2456 895 2513 curn
916 2435 1069 2531 emphasi
1090 2434 1266 2525 abundet,
1304 2447 1342 2507 et
1361 2430 1541 2526 ipfissimas
1563 2459 1597 2529 q.
1621 2434 1694 2516 effe

454 2610 464 2615 ,
514 2528 668 2605 bratteas
699 2532 775 2605 auri
796 2534 949 2623 indicet;
986 2527 1038 2609 uti
1059 2532 1253 2625 saepealias
1271 2530 1362 2605 hanc
1385 2530 1564 2623 emphasin
1584 2530 1696 2607 habet
1844 2570 1847 2575 ·

512 2626 613 2723 praes.
635 2654 654 2703 a
680 2629 774 2721 apud
794 2629 1004 2705 Orientales.
1053 2626 1153 2705 Sicut
1166 2649 1258 2703 vero
1273 2642 1504 2725 argenteum,
1519 2627 1568 2701 ita
1581 2643 1620 2702 ct
1632 2651 1692 2703 au·

423 2814 428 2821 .
510 2748 603 2817 ream
625 2726 773 2815 dicitur,
797 2728 962 2821 quicquid
984 2725 1036 2801 est
1052 2726 1330 2819 pulcherrimum
1350 2738 1388 2798 et
1400 2722 1642 2801 nitidissimum
1658 2740 1690 2803 l.

423 2891 426 2895 .
561 2827 593 2913 §.
610 2821 766 2896 XXXIX.
800 2822 1019 2917 Inquiramus
1047 2842 1144 2895 nunc
1166 2820 1203 2894 in
1232 2818 1369 2894 sensum
1390 2834 1427 2893 et
1450 2818 1598 2915 scopum
1615 2845 1689 2900 em.

487 2958 489 2967 ·
511 2920 700 3006 blematis,
739 2920 800 2991 vel
822 2943 842 2992 a
862 2920 965 3012 pullis
986 2918 1120 3012 petiti,
1152 2916 1212 3010 qui
1233 2916 1327 2988 inter
1347 2914 1612 2994 alascolumbae
1632 2943 1688 2995 re-

509 3016 706 3099 cumbunt,
738 3013 797 3084 vel
817 3015 861 3086 ab
878 3011 1112 3111 insigni'sorte
1126 3014 1273 3101 domus,
1294 3009 1515 3102 columbam,
1540 3016 1609 3091 alas
1625 3041 1686 3092 ex·
1809 3049 1812 3053 ⁴

398 3121 407 3176 'r
509 3106 629 3204 pansas
659 3108 869 3201 habentem,
910 3110 1112 3201 referente,
1152 3109 1266 3205 qualia
1287 3108 1352 3180 ivel
1372 3107 1601 3188 animantium
1625 3116 1688 3190 vel

508 3206 629 3280 avium
643 3204 785 3303 insignia
805 3230 879 3282 non
893 3207 1064 3299 fuerunt,
1089 3230 1157 3283 nec
1170 3205 1272 3295 sunt,
1285 3204 1446 3283 insolita,
1481 3205 1538 3280 Sic
1559 3206 1603 3279 de
1617 3210 1686 3285 As.

507 3300 605 3395 syriis
626 3302 808 3394 referunt,
832 3306 897 3381 'eos
918 3307 956 3383 in
978 3308 1130 3396 labaris,
1154 3304 1313 3393 vexillis,
1348 3316 1386 3379 et
1407 3303 1556 3399 publicis
1578 3304 1682 3385 adifi-

507 3400 594 3489 ciis,
606 3399 763 3483 habuisse
780 3400 996 3477 colmnbumm
1015 3405 1204 3502 imaginest
1229 3401 1326 3496 quod
1339 3402 1589 3498 tamenminus
1604 3426 1683 3478 cer·

507 3510 586 3573 tum
607 3495 658 3571 est
686 3524 712 3574 r.
762 3498 910 3594 Propius
939 3502 1149 3590 accederet,
1172 3495 1199 3571 fi
1219 3520 1345 3573 verum
1365 3498 1482 3587 foret,
1507 3499 1604 3592 quod
1621 3500 1682 3595 Ju-

484 3676 491 3698 ,
507 3594 574 3703 daei
595 3597 740 3673 tradtmt
753 3598 845 3689 apud
859 3593 1081 3695 Ligtfotum,
1105 3600 1125 3663 d
1140 3594 1328 3672 summitati
1343 3594 1471 3689 sceptri
1484 3596 1682 3676 Salomonis

478 3742 481 3749 ⁴
504 3686 848 3771 msedillecolumlam
861 3709 1064 3787 satiamur
1077 3708 1133 3785 et,
1148 3694 1245 3788 quod
1258 3690 1679 3864 apudEuthymiumepd·

1640 3815 1676 3864 e-

476 3973 662 4057 gavit.
683 3968 853 4051 Schultens
881 3980 921 4054 ad
946 3974 1043 4049 Prov.
1069 3995 1138 4046 ωε
1163 3990 1192 4061 5.
1317 3972 1433 4044 bVid.
1458 3973 1488 4038 la
1506 3967 1612 4036 Cerda
1632 3972 1675 4038 ad

505 4052 595 4210 Viri.
609 4057 692 4123 Aen.
702 4078 734 4123 x.
750 4081 871 4147 p.411.
960 4064 1072 4133 cVid.
1089 4060 1304 4134 summust.
1318 4080 1347 4131 c.
1434 4053 1672 4128 allonllebr.

494 4140 1110 4231 „mmmm,amm·
