3900 5117
545 490 1641 647 ἰιι···οοιιιιιιι’τιιίιιυει

540 736 743 845 ζοιίζιιιιιιε
768 745 934 842 arborem
960 738 1165 820 conscendit
1180 738 1215 837 ,)
1256 740 1362 812 cedros
1388 736 1460 812 Dei
1480 754 1719 833 operuerunt.

549 843 668 951 Quam
682 841 1016 937 interpretationem
1029 838 1190 915 defendit
1203 837 1247 911 de
1266 836 1617 931 Dieu,&adoptavit
1629 840 1720 917 Coc·

541 928 660 1038 [pejus.
704 940 818 1036 ‘Syrus
835 936 1014 1035 supplevit
1038 942 1075 1023 bu
1095 934 1166 1022 five
1180 934 1303 1029 juxta,
1332 932 1404 1009 stre
1417 930 1544 1033 supra,
1578 936 1613 1009 dt
1633 945 1719 1014 rums·

538 1042 621 1137 ‚ejus
642 1036 735 1133 apud
767 1038 877 1109 cedros
893 1032 982 1123 Der',
1008 1052 1091 1125 quas
1114 1030 1378 1120 conscendunt,
1402 1048 1442 1105 ut
1461 1030 1578 1107 solent
1604 1040 1717 1127 uires,

548 1136 609 1214 vel
624 1130 671 1231 su
712 1133 880 1219 uredros,
906 1145 946 1207 ut
966 1128 1069 1223 iuper
1090 1129 1131 1203 iis
1154 1128 1343 1205 emineant.
1393 1128 1462 1201 Sed
1477 1129 1582 1227 longe
1603 1133 1718 1226 aptius

541 1219 602 1319 fcit
615 1253 654 1304 re
679 1231 763 1305 dere
778 1251 861 1307 cum
882 1226 977 1318 aliis,
1004 1223 1047 1311 &⁹
1068 1226 1237 1321 ramiqus
1253 1226 1341 1299 cedri
1361 1222 1431 1297 Dei
1451 1224 1550 1314 sunt;
1583 1250 1655 1322 qua·
1672 1232 1717 1305 el·

483 1324 488 1337 '
541 1328 626 1425 tipo
645 1326 696 1401 nil
718 1324 769 1403 est
782 1327 981 1426 'vulgatiun
1025 1322 1194 1397 Rationes
1208 1321 1290 1411 sunt
1340 1336 1379 1397 1:
1397 1319 1621 1423 Quodramis
1635 1325 1716 1404 vitis

539 1425 781 1535 ‚insolentiore
796 1419 914 1517 phrafi
935 1420 1023 1492 telle
1042 1420 1205 1499 dantur
1225 1418 1341 1499 cedri:
1364 1416 1604 1515 supereminere
1623 1424 1716 1499 dice·

544 1510 702 1617 rentur,
719 1543 792 1598 non
809 1534 913 1617 regere
928 1516 1065 1596 cedros.
1105 1528 1151 1593 ἰ.
1174 1514 1284 1593 Ratio
1294 1516 1455 1604 'redditur
1464 1522 1627 1613 membro
1649 1544 1714 1617 po.

534 1607 718 1708 teriori,
732 1618 853 1711 'quare
873 1613 995 1695 neuter
1018 1616 1089 1710 eius
1110 1612 1400 1704 urulruclicantur
1413 1616 1551 1707 operti,
1576 1616 1715 1711 qniasc.

541 1716 669 1797 'tantm
691 1734 766 1789 erat
788 1709 1010 1811 proceritatis
1028 1710 1130 1800 vitis,
1155 1726 1197 1785 ut
1209 1710 1304 1784 'rami
1324 1710 1399 1801 ejtu
1419 1714 1527 1785 cedros
1546 1712 1713 1791 altiffimas

544 1814 740 1913 aequarint
792 1832 825 1906 q.
850 1808 977 1906 Longe
999 1804 1166 1901 aptiffima
1185 1806 1238 1879 est
1258 1809 1474 1901 comparatio
1497 1830 1578 1885 curn
1592 1816 1714 1906 cedris,

547 1913 775 2014 &egregiam
790 1906 972 2000 emphasin,
982 1902 1088 1985 habet
1102 1902 1296 1999 epitheton
1303 1900 1391 1993 Dei,
1411 1902 1437 1977 ii
1452 1911 1538 1981 rami
1548 1908 1647 2003 hujus
1661 1912 1716 1985 vi·

459 2084 463 2091 ,
546 2012 595 2085 tis
609 2010 696 2098 cedri
710 2004 780 2089 Dei
793 2002 864 2082 ‘etse
880 1999 1068 2093 dicantur,
1089 2015 1130 2077 ut
1142 2022 1226 2093 mox
1240 2001 1386 2097 patebit.

537 2094 551 2129 '⁵
598 2089 735 2199 §L'LXJ
750 2096 855 2174 Prius
869 2102 1088 2189 membrum,
1115 2096 1214 2192 quod
1226 2098 1361 2188 habet,
1379 2106 1583 2199 montesejru
1602 2108 1715 2181 umbra

548 2200 610 2303 effe
631 2204 745 2293 aedos,
771 2196 1261 2293 .sequentiade,1odaeorun
1282 2197 1576 2293 multiplicatione
1600 2204 1633 2276 de
1652 2228 1714 2301 po-

540 2301 663 2379 tentia
682 2300 731 2374 ob
752 2298 876 2373 oculos
896 2298 1018 2391 ponit,
1061 2328 1096 2371 u.
1121 2292 1257 2368 Eorum
1277 2290 1500 2372 diffuiionem
1512 2321 1576 2394 per
1587 2322 1712 2377 omnes

548 2392 753 2469 cananaeae
775 2408 890 2490 partes
912 2394 946 2466 de
968 2394 1068 2481 loca,
1100 2390 1148 2465 ita
1168 2404 1209 2465 ut
1227 2390 1357 2484 ubique
1373 2391 1470 2469 sedes
1484 2394 1653 2493 figerent,
1678 2398 1713 2474 tr

538 2499 689 2589 montes
711 2512 752 2563 ac
773 2491 881 2563 colles
903 2488 969 2563 suis
989 2489 1193 2565 habitaculis
1215 2490 1300 2564 obte
1326 2496 1448 2567 erent:
1473 2512 1563 2586 quae
1582 2495 1714 2571 summa

538 2584 601 2685 ‚est
639 2587 762 2685 populi
789 2586 1066 2682 multiplicatio,
1095 2586 1266 2679 adquam
1354 2588 1442 2661 vidis
1464 2590 1498 2663 u
1518 2592 1711 2689 Salomonis

538 2684 771 2783 temporibus
832 2689 1042 2777 rucherum,
1068 2682 1423 2778 &quamsecurium
1438 2688 1710 2781 prophetiasad·

536 2781 622 2881 [huc
648 2777 778 2882 assequi
831 2785 1036 2880 aberent„
1072 2803 1155 2857 uum
1183 2781 1286 2877 sopra
1309 2778 1429 2856 Patres
1456 2788 1711 2882 multiplicaret·

544 2894 625 2972 tur,
650 2882 704 2957 uti
725 2878 802 2976 post
822 2878 1046 2955 afflruionen
1091 2880 1233 2975 piphan,
1249 2880 1505 2975 impletumest.
1556 2888 1590 2969 β.
1617 2884 1710 2962 Cum
1843 2901 1847 2907 '

541 2977 613 3054 hac
626 2978 918 3071 mititiplicatione
937 2974 1126 3068 conjuncta
1141 2978 1237 3050 foret
1251 2978 1409 3051 omnium
1424 3002 1591 3077 regnorum
1600 2976 1711 3075 Cana.

537 3082 630 3158 ‘naeae
652 3075 862 3165 occupatio;
891 3071 1047 3167 (Montes
1068 3073 1164 3146 enirn
1184 3070 1262 3147 sunt
1283 3094 1474 3169 regnorum
1495 3078 1530 3151 δι
1551 3100 1706 3174 rerump.

535 3166 753 3247 'meduna
765 3168 944 3267 symbola)
956 3167 1066 3262 Judaei
1088 3190 1163 3243 non
1178 3167 1240 3241 nifi
1261 3168 1405 3245 Davidis
1422 3168 1585 3271 ternpore
1600 3177 1707 3251 Cana·

539 3266 646 3341 'uaros
659 3262 816 3359 perfecte
837 3264 1011 3355 domare,
1041 3263 1075 3337 de
1096 3263 1157 3340 iub
1173 3266 1298 3365 jugum
1319 3269 1461 3345 mittere
1479 3288 1705 3367 potuerunt,

544 3359 596 3442 ita
617 3374 657 3437 ut
675 3373 804 3439 comm
824 3360 922 3436 sedes
940 3363 1169 3455 occuparint,
1201 3364 1235 3436 de
1254 3386 1315 3439 eos
1331 3367 1392 3441 sub
1408 3366 1465 3443 sua
1480 3376 1583 3444 tutela
1596 3373 1706 3447 latita-

467 3487 471 3497 ’
534 3453 609 3547 '1e,
634 3451 763 3553 libique
780 3458 985 3552 obsequium
1007 3456 1187 3552 praestare,
1212 3464 1406 3561 coegerint.
1456 3458 1566 3564 Quod
1585 3466 1705 3562 postea

544 3557 662 3634 narsus
684 3556 747 3631 sub
770 3557 977 3629 Maccabeis
991 3556 1128 3632 accidit.
1178 3592 1212 3655 y.
1239 3556 1402 3650 Denique
1419 3557 1549 3638 summa
1560 3573 1705 3660 potentie

544 3652 582 3730 dt
602 3660 710 3749 gloria
730 3654 852 3749 populi
873 3654 944 3726 hoc
971 3655 1182 3731 emblemate
1206 3657 1432 3752 depingitur,
1472 3662 1604 3756 quippe
1627 3685 1703 3757 quae

543 3764 644 3827 taum
659 3750 778 3847 foret,
809 3766 850 3826 ut
869 3749 1132 3843 celebratissima
1153 3774 1260 3849 regna
1278 3774 1352 3827 non
1375 3772 1511 3831 tantum
1528 3776 1702 3852 aequaret,

528 3846 601 3920 ried
625 3846 659 3921 dt
681 3846 743 3952 luo
762 3846 949 3942 splendore
973 3844 1185 3944 obscuraret,
1205 3871 1245 3922 ac
1259 3849 1317 3925 sua
1334 3858 1446 3927 umbra
1460 3854 1549 3951 quest
1561 3872 1704 3952 tegerer,

539 3942 651 4019 itaut
673 3966 821 4043 regnum
842 3943 1044 4037 Judaeorum
1065 3948 1241 4040 precipue
1267 3948 1302 4021 in
1324 3951 1482 4024 omnium
1504 3954 1629 4029 oculos
1650 3956 1703 4028 in-

521 4056 720 4143 curreret,
747 4041 868 4135 &per
888 4040 1049 4119 omnium
1068 4064 1131 4117 ora
1152 4044 1331 4119 volitaret.
1385 4044 1702 4213 Quemudssodom

1592 4146 1703 4223 acidis
