<?xml version="1.0" encoding="UTF-8"?>
<!DOCTYPE html PUBLIC "-//W3C//DTD XHTML 1.0 Transitional//EN"
    "http://www.w3.org/TR/xhtml1/DTD/xhtml1-transitional.dtd">
<html xmlns="http://www.w3.org/1999/xhtml" xml:lang="en" lang="en">
 <head>
  <title>
</title>
<meta http-equiv="Content-Type" content="text/html;charset=utf-8" />
  <meta name='ocr-system' content='tesseract 3.04.00' />
  <meta name='ocr-capabilities' content='ocr_page ocr_carea ocr_par ocr_line ocrx_word'/>
</head>
<body>
  <div class='ocr_page' id='page_1' title='image "./hermannivenemac02venegoog_0117.png"; bbox 0 0 3900 5117; ppageno 0'>
   <div class='ocr_carea' id='block_1_1' title="bbox 354 3591 1490 3687">
    <p class='ocr_par' dir='ltr' id='par_1_1' title="bbox 354 3591 1490 3687">
     <span class='ocr_line' id='line_1_1' title="bbox 354 3591 1490 3687; baseline -0.005 -16"><span class='ocrx_word' id='word_1_1' title='bbox 354 3651 357 3657; x_wconf 84' lang='lat'>-</span> <span class='ocrx_word' id='word_1_2' title='bbox 493 3598 558 3672; x_wconf 88' lang='lat' dir='ltr'>Gr.</span> <span class='ocrx_word' id='word_1_3' title='bbox 582 3596 740 3680; x_wconf 88' lang='lat' dir='ltr'>habent,</span> <span class='ocrx_word' id='word_1_4' title='bbox 781 3592 876 3687; x_wconf 94' lang='lat' dir='ltr'>quod</span> <span class='ocrx_word' id='word_1_5' title='bbox 896 3593 1008 3667; x_wconf 87' lang='lat' dir='ltr'>Hebr.</span> <span class='ocrx_word' id='word_1_6' title='bbox 1031 3618 1122 3667; x_wconf 75' lang='lat' dir='ltr'>nram</span> <span class='ocrx_word' id='word_1_7' title='bbox 1151 3591 1202 3665; x_wconf 91' lang='lat' dir='ltr'>est</span> <span class='ocrx_word' id='word_1_8' title='bbox 1222 3592 1490 3668; x_wconf 90' lang='lat' dir='ltr'>convenientius</span> 
     </span>
    </p>
   </div>
   <div class='ocr_carea' id='block_1_2' title="bbox 490 520 1471 666">
    <p class='ocr_par' dir='ltr' id='par_1_2' title="bbox 490 520 1471 666">
     <span class='ocr_line' id='line_1_2' title="bbox 490 520 1471 666; baseline -0.004 -13"><span class='ocrx_word' id='word_1_9' title='bbox 490 580 566 666; x_wconf 71' lang='lat' dir='ltr'>m</span> <span class='ocrx_word' id='word_1_10' title='bbox 655 520 1471 653; x_wconf 68' lang='lat' dir='ltr'>commentantes</span> 
     </span>
    </p>
   </div>
   <div class='ocr_carea' id='block_1_3' title="bbox 484 768 1671 2424">
    <p class='ocr_par' dir='ltr' id='par_1_3' title="bbox 484 768 1671 2424">
     <span class='ocr_line' id='line_1_3' title="bbox 493 768 1668 876; baseline 0.002 -27"><span class='ocrx_word' id='word_1_11' title='bbox 493 773 614 876; x_wconf 83' lang='lat' dir='ltr'>phassn</span> <span class='ocrx_word' id='word_1_12' title='bbox 641 772 711 848; x_wconf 91' lang='lat' dir='ltr'>hoc</span> <span class='ocrx_word' id='word_1_13' title='bbox 738 771 844 848; x_wconf 86' lang='lat' dir='ltr'>titulo</span> <span class='ocrx_word' id='word_1_14' title='bbox 864 768 933 846; x_wconf 83' lang='lat' dir='ltr'>esse</span> <span class='ocrx_word' id='word_1_15' title='bbox 956 772 1247 869; x_wconf 87' lang='lat' dir='ltr'>comprehensam</span> <span class='ocrx_word' id='word_1_16' title='bbox 1266 771 1377 850; x_wconf 93' lang='lat' dir='ltr'>modo</span> <span class='ocrx_word' id='word_1_17' title='bbox 1398 770 1534 846; x_wconf 85' lang='lat' dir='ltr'>notavi.</span> <span class='ocrx_word' id='word_1_18' title='bbox 1571 776 1604 851; x_wconf 86' lang='lat' dir='ltr'>d.</span> <span class='ocrx_word' id='word_1_19' title='bbox 1618 778 1668 851; x_wconf 82' lang='lat' dir='ltr'>io·</span> 
     </span>
     <span class='ocr_line' id='line_1_4' title="bbox 494 869 1665 965; baseline 0.003 -18"><span class='ocrx_word' id='word_1_20' title='bbox 494 878 548 948; x_wconf 83' lang='lat' dir='ltr'>nis</span> <span class='ocrx_word' id='word_1_21' title='bbox 574 886 745 965; x_wconf 79' lang='lat' dir='ltr'>praterea</span> <span class='ocrx_word' id='word_1_22' title='bbox 770 870 988 965; x_wconf 88' lang='lat' dir='ltr'>populorum</span> <span class='ocrx_word' id='word_1_23' title='bbox 1015 870 1157 948; x_wconf 86' lang='lat' dir='ltr'>illor&#39;um</span> <span class='ocrx_word' id='word_1_24' title='bbox 1179 872 1249 945; x_wconf 85' lang='lat' dir='ltr'>effe</span> <span class='ocrx_word' id='word_1_25' title='bbox 1269 870 1450 959; x_wconf 91' lang='lat' dir='ltr'>ditandos,</span> <span class='ocrx_word' id='word_1_26' title='bbox 1488 869 1524 941; x_wconf 90' lang='lat'>&amp;</span> <span class='ocrx_word' id='word_1_27' title='bbox 1550 898 1577 947; x_wconf 88' lang='lat' dir='ltr'>e.</span> <span class='ocrx_word' id='word_1_28' title='bbox 1591 888 1665 950; x_wconf 66' lang='lat' dir='ltr'>tan-</span> 
     </span>
     <span class='ocr_line' id='line_1_5' title="bbox 484 966 1667 1066; baseline 0.002 -24"><span class='ocrx_word' id='word_1_29' title='bbox 484 968 577 1043; x_wconf 81' lang='lat' dir='ltr'>&#39;dem</span> <span class='ocrx_word' id='word_1_30' title='bbox 590 991 689 1066; x_wconf 88' lang='lat' dir='ltr'>reges</span> <span class='ocrx_word' id='word_1_31' title='bbox 706 969 784 1042; x_wconf 93' lang='lat' dir='ltr'>illos</span> <span class='ocrx_word' id='word_1_32' title='bbox 799 968 1024 1064; x_wconf 68' lang='lat' dir='ltr'>penitua&#39;ess&#39;e</span> <span class='ocrx_word' id='word_1_33' title='bbox 1038 969 1175 1045; x_wconf 78' lang='lat' dir='ltr'>sedibm</span> <span class='ocrx_word' id='word_1_34' title='bbox 1188 969 1255 1042; x_wconf 89' lang='lat' dir='ltr'>suis</span> <span class='ocrx_word' id='word_1_35' title='bbox 1270 971 1332 1041; x_wconf 89' lang='lat' dir='ltr'>vel</span> <span class='ocrx_word' id='word_1_36' title='bbox 1346 966 1516 1064; x_wconf 84' lang='lat' dir='ltr'>regimine</span> <span class='ocrx_word' id='word_1_37' title='bbox 1529 968 1667 1066; x_wconf 85' lang='lat' dir='ltr'>suopri·</span> 
     </span>
     <span class='ocr_line' id='line_1_6' title="bbox 493 1064 1670 1162; baseline 0.003 -23"><span class='ocrx_word' id='word_1_38' title='bbox 493 1066 656 1157; x_wconf 82' lang='lat' dir='ltr'>vandos3</span> <span class='ocrx_word' id='word_1_39' title='bbox 688 1066 783 1161; x_wconf 91' lang='lat' dir='ltr'>quod</span> <span class='ocrx_word' id='word_1_40' title='bbox 806 1068 921 1140; x_wconf 90' lang='lat' dir='ltr'>verbo</span> <span class='ocrx_word' id='word_1_41' title='bbox 942 1065 1117 1162; x_wconf 80' lang='lat' dir='ltr'>disfipandi</span> <span class='ocrx_word' id='word_1_42' title='bbox 1138 1066 1173 1137; x_wconf 90' lang='lat'>&amp;</span> <span class='ocrx_word' id='word_1_43' title='bbox 1187 1064 1346 1162; x_wconf 82' lang='lat' dir='ltr'>fugiendi</span> <span class='ocrx_word' id='word_1_44' title='bbox 1370 1086 1510 1157; x_wconf 88' lang='lat' dir='ltr'>quoque</span> <span class='ocrx_word' id='word_1_45' title='bbox 1531 1069 1670 1143; x_wconf 82' lang='lat' dir='ltr'>involu·</span> 
     </span>
     <span class='ocr_line' id='line_1_7' title="bbox 494 1160 1670 1256; baseline 0 -17"><span class='ocrx_word' id='word_1_46' title='bbox 494 1178 571 1239; x_wconf 89' lang='lat' dir='ltr'>tum</span> <span class='ocrx_word' id='word_1_47' title='bbox 592 1161 662 1254; x_wconf 90' lang='lat' dir='ltr'>est,</span> <span class='ocrx_word' id='word_1_48' title='bbox 705 1164 740 1237; x_wconf 90' lang='lat'>&amp;</span> <span class='ocrx_word' id='word_1_49' title='bbox 761 1164 930 1237; x_wconf 84' lang='lat' dir='ltr'>israelitas</span> <span class='ocrx_word' id='word_1_50' title='bbox 950 1165 987 1236; x_wconf 93' lang='lat' dir='ltr'>in</span> <span class='ocrx_word' id='word_1_51' title='bbox 1008 1186 1134 1237; x_wconf 90' lang='lat' dir='ltr'>eorum</span> <span class='ocrx_word' id='word_1_52' title='bbox 1153 1163 1377 1256; x_wconf 77' lang='lat' dir='ltr'>possessiones</span> <span class='ocrx_word' id='word_1_53' title='bbox 1397 1160 1467 1234; x_wconf 81' lang='lat' dir='ltr'>effe</span> <span class='ocrx_word' id='word_1_54' title='bbox 1489 1165 1670 1249; x_wconf 85' lang='lat' dir='ltr'>inmitten-</span> 
     </span>
     <span class='ocr_line' id='line_1_8' title="bbox 494 1260 1669 1358; baseline -0.003 -22"><span class='ocrx_word' id='word_1_55' title='bbox 494 1260 578 1349; x_wconf 90' lang='lat' dir='ltr'>dos,</span> <span class='ocrx_word' id='word_1_56' title='bbox 594 1260 686 1355; x_wconf 93' lang='lat' dir='ltr'>quod</span> <span class='ocrx_word' id='word_1_57' title='bbox 691 1260 870 1358; x_wconf 76' lang='lat' dir='ltr'>spoliorum</span> <span class='ocrx_word' id='word_1_58' title='bbox 884 1260 1028 1355; x_wconf 88' lang='lat' dir='ltr'>partitio</span> <span class='ocrx_word' id='word_1_59' title='bbox 1043 1262 1148 1334; x_wconf 89' lang='lat' dir='ltr'>etiam</span> <span class='ocrx_word' id='word_1_60' title='bbox 1155 1260 1309 1334; x_wconf 90' lang='lat' dir='ltr'>involvit</span> <span class='ocrx_word' id='word_1_61' title='bbox 1318 1284 1328 1332; x_wconf 80' lang='lat' dir='ltr'><strong><em>z</em></strong></span> <span class='ocrx_word' id='word_1_62' title='bbox 1337 1274 1568 1352; x_wconf 88' lang='lat' dir='ltr'>opponuntur</span> <span class='ocrx_word' id='word_1_63' title='bbox 1576 1280 1669 1357; x_wconf 74' lang='lat' dir='ltr'>regat</span> 
     </span>
     <span class='ocr_line' id='line_1_9' title="bbox 494 1354 1667 1456; baseline 0 -24"><span class='ocrx_word' id='word_1_64' title='bbox 494 1355 642 1456; x_wconf 83' lang='lat' dir='ltr'>ditfipati</span> <span class='ocrx_word' id='word_1_65' title='bbox 669 1358 705 1431; x_wconf 76' lang='grc' dir='ltr'>δι</span> <span class='ocrx_word' id='word_1_66' title='bbox 731 1362 913 1431; x_wconf 81' lang='lat' dir='ltr'><em>habitatrix</em></span> <span class='ocrx_word' id='word_1_67' title='bbox 933 1358 1062 1446; x_wconf 85' lang='lat' dir='ltr'>domus,</span> <span class='ocrx_word' id='word_1_68' title='bbox 1087 1358 1141 1446; x_wconf 80' lang='lat' dir='ltr'>dt,</span> <span class='ocrx_word' id='word_1_69' title='bbox 1166 1359 1305 1454; x_wconf 86' lang='lat' dir='ltr'>regibus</span> <span class='ocrx_word' id='word_1_70' title='bbox 1326 1354 1474 1445; x_wconf 70' lang='lat' dir='ltr'>abaetis,</span> <span class='ocrx_word' id='word_1_71' title='bbox 1495 1357 1667 1432; x_wconf 67' lang='lat' dir='ltr'>Israelitis</span> 
     </span>
     <span class='ocr_line' id='line_1_10' title="bbox 494 1452 1668 1551; baseline 0 -20"><span class='ocrx_word' id='word_1_72' title='bbox 494 1456 632 1551; x_wconf 89' lang='lat' dir='ltr'>quietos</span> <span class='ocrx_word' id='word_1_73' title='bbox 661 1454 855 1529; x_wconf 88' lang='lat' dir='ltr'>&amp;securos</span> <span class='ocrx_word' id='word_1_74' title='bbox 877 1456 960 1527; x_wconf 82' lang='lat' dir='ltr'>domi</span> <span class='ocrx_word' id='word_1_75' title='bbox 983 1453 1145 1543; x_wconf 67' lang='lat' dir='ltr'>edutos,</span> <span class='ocrx_word' id='word_1_76' title='bbox 1182 1476 1223 1527; x_wconf 91' lang='lat' dir='ltr'>ac</span> <span class='ocrx_word' id='word_1_77' title='bbox 1243 1452 1351 1548; x_wconf 92' lang='lat' dir='ltr'>spolia</span> <span class='ocrx_word' id='word_1_78' title='bbox 1372 1458 1668 1549; x_wconf 79' lang='lat' dir='ltr'>eommpertitu·</span> 
     </span>
     <span class='ocr_line' id='line_1_11' title="bbox 492 1549 1669 1652; baseline -0.002 -22"><span class='ocrx_word' id='word_1_79' title='bbox 492 1572 575 1644; x_wconf 83' lang='lat' dir='ltr'>tos,</span> <span class='ocrx_word' id='word_1_80' title='bbox 600 1553 690 1644; x_wconf 84' lang='lat' dir='ltr'>effe,</span> <span class='ocrx_word' id='word_1_81' title='bbox 715 1552 923 1627; x_wconf 85' lang='lat' dir='ltr'>declaratur.</span> <span class='ocrx_word' id='word_1_82' title='bbox 960 1549 1182 1652; x_wconf 80' lang='lat' dir='ltr'>Quaeomnia</span> <span class='ocrx_word' id='word_1_83' title='bbox 1194 1551 1232 1625; x_wconf 93' lang='lat' dir='ltr'>in</span> <span class='ocrx_word' id='word_1_84' title='bbox 1247 1574 1290 1625; x_wconf 91' lang='lat' dir='ltr'>ea</span> <span class='ocrx_word' id='word_1_85' title='bbox 1302 1565 1483 1646; x_wconf 89' lang='lat' dir='ltr'>tempora,</span> <span class='ocrx_word' id='word_1_86' title='bbox 1508 1552 1669 1648; x_wconf 77' lang='lat' dir='ltr'>inprimis</span> 
     </span>
     <span class='ocr_line' id='line_1_12' title="bbox 491 1647 1668 1742; baseline -0.002 -15"><span class='ocrx_word' id='word_1_87' title='bbox 491 1652 710 1739; x_wconf 79' lang='lat' dir='ltr'>Salomonis,</span> <span class='ocrx_word' id='word_1_88' title='bbox 742 1650 831 1724; x_wconf 91' lang='lat' dir='ltr'>adeo</span> <span class='ocrx_word' id='word_1_89' title='bbox 853 1648 1043 1742; x_wconf 85' lang='lat' dir='ltr'>quadrant,</span> <span class='ocrx_word' id='word_1_90' title='bbox 1067 1663 1108 1723; x_wconf 90' lang='lat' dir='ltr'>ut</span> <span class='ocrx_word' id='word_1_91' title='bbox 1131 1671 1257 1724; x_wconf 89' lang='lat' dir='ltr'>eorum</span> <span class='ocrx_word' id='word_1_92' title='bbox 1277 1647 1493 1723; x_wconf 67' lang='lat' dir='ltr'>characteres</span> <span class='ocrx_word' id='word_1_93' title='bbox 1513 1650 1668 1725; x_wconf 84' lang='lat' dir='ltr'>ducant:</span> 
     </span>
     <span class='ocr_line' id='line_1_13' title="bbox 494 1744 1669 1825; baseline -0.003 0"><span class='ocrx_word' id='word_1_94' title='bbox 494 1748 547 1825; x_wconf 90' lang='lat' dir='ltr'>uti</span> <span class='ocrx_word' id='word_1_95' title='bbox 569 1744 778 1825; x_wconf 78' lang='lat' dir='ltr'>ert-historia</span> <span class='ocrx_word' id='word_1_96' title='bbox 805 1748 952 1821; x_wconf 85' lang='lat' dir='ltr'>Davidis</span> <span class='ocrx_word' id='word_1_97' title='bbox 975 1746 1228 1823; x_wconf 87' lang='lat' dir='ltr'>&amp;Salomonis</span> <span class='ocrx_word' id='word_1_98' title='bbox 1255 1749 1390 1822; x_wconf 92' lang='lat' dir='ltr'>nemini</span> <span class='ocrx_word' id='word_1_99' title='bbox 1418 1770 1492 1822; x_wconf 93' lang='lat' dir='ltr'>non</span> <span class='ocrx_word' id='word_1_100' title='bbox 1519 1747 1669 1825; x_wconf 85' lang='lat' dir='ltr'>constat.</span> 
     </span>
     <span class='ocr_line' id='line_1_14' title="bbox 495 1844 1669 1940; baseline 0.002 -21"><span class='ocrx_word' id='word_1_101' title='bbox 495 1844 557 1919; x_wconf 89' lang='lat' dir='ltr'>Nil</span> <span class='ocrx_word' id='word_1_102' title='bbox 572 1860 691 1921; x_wconf 86' lang='lat' dir='ltr'>tamen</span> <span class='ocrx_word' id='word_1_103' title='bbox 705 1844 872 1939; x_wconf 85' lang='lat' dir='ltr'>impedit,</span> <span class='ocrx_word' id='word_1_104' title='bbox 897 1844 1084 1939; x_wconf 85' lang='lat' dir='ltr'>quominus</span> <span class='ocrx_word' id='word_1_105' title='bbox 1099 1845 1143 1918; x_wconf 87' lang='lat' dir='ltr'>ad</span> <span class='ocrx_word' id='word_1_106' title='bbox 1158 1845 1380 1940; x_wconf 84' lang='lat' dir='ltr'>sequentium</span> <span class='ocrx_word' id='word_1_107' title='bbox 1394 1860 1598 1939; x_wconf 89' lang='lat' dir='ltr'>temporum</span> <span class='ocrx_word' id='word_1_108' title='bbox 1614 1868 1669 1921; x_wconf 90' lang='lat' dir='ltr'>ca·</span> 
     </span>
     <span class='ocr_line' id='line_1_15' title="bbox 495 1940 1668 2038; baseline 0.002 -21"><span class='ocrx_word' id='word_1_109' title='bbox 495 1942 550 2017; x_wconf 92' lang='lat' dir='ltr'>sus</span> <span class='ocrx_word' id='word_1_110' title='bbox 577 1944 711 2037; x_wconf 86' lang='lat' dir='ltr'>aliquos</span> <span class='ocrx_word' id='word_1_111' title='bbox 739 1942 849 2015; x_wconf 88' lang='lat' dir='ltr'>verba</span> <span class='ocrx_word' id='word_1_112' title='bbox 870 1940 970 2016; x_wconf 81' lang='lat' dir='ltr'>simul</span> <span class='ocrx_word' id='word_1_113' title='bbox 990 1944 1239 2035; x_wconf 83' lang='lat' dir='ltr'>extendamus,</span> <span class='ocrx_word' id='word_1_114' title='bbox 1259 1965 1414 2038; x_wconf 83' lang='lat' dir='ltr'>eosque</span> <span class='ocrx_word' id='word_1_115' title='bbox 1435 1958 1575 2038; x_wconf 82' lang='lat' dir='ltr'>poetae,</span> <span class='ocrx_word' id='word_1_116' title='bbox 1605 1943 1668 2019; x_wconf 81' lang='lat' dir='ltr'>vet</span> 
     </span>
     <span class='ocr_line' id='line_1_16' title="bbox 493 2038 1667 2135; baseline -0.001 -20"><span class='ocrx_word' id='word_1_117' title='bbox 493 2038 638 2135; x_wconf 89' lang='lat' dir='ltr'>Spiritui</span> <span class='ocrx_word' id='word_1_118' title='bbox 654 2040 886 2135; x_wconf 91' lang='lat' dir='ltr'>prophetic0,</span> <span class='ocrx_word' id='word_1_119' title='bbox 912 2062 983 2113; x_wconf 90' lang='lat' dir='ltr'>una</span> <span class='ocrx_word' id='word_1_120' title='bbox 996 2038 1097 2113; x_wconf 75' lang='lat' dir='ltr'>fuisse</span> <span class='ocrx_word' id='word_1_121' title='bbox 1113 2040 1344 2129; x_wconf 80' lang='lat' dir='ltr'>obversatos,</span> <span class='ocrx_word' id='word_1_122' title='bbox 1358 2040 1565 2132; x_wconf 82' lang='lat' dir='ltr'>statuamns3</span> <span class='ocrx_word' id='word_1_123' title='bbox 1578 2039 1667 2114; x_wconf 80' lang='lat' dir='ltr'>adea</span> 
     </span>
     <span class='ocr_line' id='line_1_17' title="bbox 495 2136 1669 2232; baseline -0.001 -21"><span class='ocrx_word' id='word_1_124' title='bbox 495 2152 536 2212; x_wconf 92' lang='lat' dir='ltr'>ut</span> <span class='ocrx_word' id='word_1_125' title='bbox 557 2138 675 2211; x_wconf 88' lang='lat' dir='ltr'>felicia</span> <span class='ocrx_word' id='word_1_126' title='bbox 695 2136 888 2211; x_wconf 89' lang='lat' dir='ltr'>Salomonis</span> <span class='ocrx_word' id='word_1_127' title='bbox 905 2151 1067 2230; x_wconf 88' lang='lat' dir='ltr'>tempora</span> <span class='ocrx_word' id='word_1_128' title='bbox 1083 2138 1200 2232; x_wconf 90' lang='lat' dir='ltr'>primo</span> <span class='ocrx_word' id='word_1_129' title='bbox 1214 2154 1252 2215; x_wconf 94' lang='lat' dir='ltr'>et</span> <span class='ocrx_word' id='word_1_130' title='bbox 1264 2136 1397 2210; x_wconf 72' lang='lat' dir='ltr'>direito</span> <span class='ocrx_word' id='word_1_131' title='bbox 1411 2136 1512 2212; x_wconf 90' lang='lat' dir='ltr'>sensu</span> <span class='ocrx_word' id='word_1_132' title='bbox 1528 2137 1669 2231; x_wconf 87' lang='lat' dir='ltr'>quidem</span> 
     </span>
     <span class='ocr_line' id='line_1_18' title="bbox 489 2232 1671 2325; baseline 0 -19"><span class='ocrx_word' id='word_1_133' title='bbox 489 2235 744 2325; x_wconf 87' lang='lat' dir='ltr'>intendantur,</span> <span class='ocrx_word' id='word_1_134' title='bbox 783 2233 843 2306; x_wconf 91' lang='lat' dir='ltr'>sed</span> <span class='ocrx_word' id='word_1_135' title='bbox 863 2232 962 2307; x_wconf 76' lang='lat' dir='ltr'>simul</span> <span class='ocrx_word' id='word_1_136' title='bbox 991 2232 1197 2322; x_wconf 87' lang='lat' dir='ltr'>infinuetur,</span> <span class='ocrx_word' id='word_1_137' title='bbox 1238 2238 1427 2307; x_wconf 65' lang='lat' dir='ltr'>habitatam·</span> <span class='ocrx_word' id='word_1_138' title='bbox 1448 2238 1557 2307; x_wconf 76' lang='lat' dir='ltr'>domm</span> <span class='ocrx_word' id='word_1_139' title='bbox 1577 2232 1671 2311; x_wconf 90' lang='lat' dir='ltr'>haud</span> 
     </span>
     <span class='ocr_line' id='line_1_19' title="bbox 489 2326 1669 2424; baseline -0.008 -17"><span class='ocrx_word' id='word_1_140' title='bbox 489 2330 659 2408; x_wconf 73' lang='lat' dir='ltr'>absimilia</span> <span class='ocrx_word' id='word_1_141' title='bbox 672 2331 713 2404; x_wconf 87' lang='lat' dir='ltr'>in</span> <span class='ocrx_word' id='word_1_142' title='bbox 736 2329 920 2424; x_wconf 87' lang='lat' dir='ltr'>posterum</span> <span class='ocrx_word' id='word_1_143' title='bbox 942 2344 1115 2405; x_wconf 91' lang='lat' dir='ltr'>eventura</span> <span class='ocrx_word' id='word_1_144' title='bbox 1135 2330 1216 2404; x_wconf 85' lang='lat' dir='ltr'>esse.</span> <span class='ocrx_word' id='word_1_145' title='bbox 1267 2330 1399 2423; x_wconf 89' lang='lat' dir='ltr'>Utique</span> <span class='ocrx_word' id='word_1_146' title='bbox 1414 2331 1529 2402; x_wconf 83' lang='lat' dir='ltr'>oratio</span> <span class='ocrx_word' id='word_1_147' title='bbox 1546 2330 1596 2399; x_wconf 88' lang='lat' dir='ltr'>ita</span> <span class='ocrx_word' id='word_1_148' title='bbox 1616 2326 1669 2398; x_wconf 83' lang='lat' dir='ltr'>est</span> 
     </span>
    </p>
   </div>
   <div class='ocr_carea' id='block_1_4' title="bbox 495 2421 1860 2521">
    <p class='ocr_par' dir='ltr' id='par_1_4' title="bbox 495 2421 1860 2521">
     <span class='ocr_line' id='line_1_20' title="bbox 495 2421 1860 2521; baseline -0.005 -20"><span class='ocrx_word' id='word_1_149' title='bbox 495 2428 727 2518; x_wconf 87' lang='lat' dir='ltr'>concinnata,</span> <span class='ocrx_word' id='word_1_150' title='bbox 753 2442 793 2503; x_wconf 92' lang='lat' dir='ltr'>ut</span> <span class='ocrx_word' id='word_1_151' title='bbox 812 2450 922 2503; x_wconf 92' lang='lat' dir='ltr'>manu</span> <span class='ocrx_word' id='word_1_152' title='bbox 938 2427 1031 2521; x_wconf 80' lang='lat' dir='ltr'>quasi</span> <span class='ocrx_word' id='word_1_153' title='bbox 1048 2429 1215 2504; x_wconf 88' lang='lat' dir='ltr'>ducamur</span> <span class='ocrx_word' id='word_1_154' title='bbox 1228 2425 1272 2499; x_wconf 89' lang='lat' dir='ltr'>ad</span> <span class='ocrx_word' id='word_1_155' title='bbox 1285 2426 1373 2499; x_wconf 88' lang='lat' dir='ltr'>duos</span> <span class='ocrx_word' id='word_1_156' title='bbox 1394 2424 1490 2501; x_wconf 84' lang='lat' dir='ltr'>casus</span> <span class='ocrx_word' id='word_1_157' title='bbox 1505 2421 1665 2503; x_wconf 83' lang='lat' dir='ltr'>illustrio</span> <span class='ocrx_word' id='word_1_158' title='bbox 1801 2512 1805 2518; x_wconf 17' lang='grc'>1</span> <span class='ocrx_word' id='word_1_159' title='bbox 1858 2510 1860 2515; x_wconf 8' lang='grc' dir='ltr'><strong><em>ἢ</em></strong></span> 
     </span>
    </p>
   </div>
   <div class='ocr_carea' id='block_1_5' title="bbox 495 2512 1668 2623">
    <p class='ocr_par' dir='ltr' id='par_1_5' title="bbox 495 2512 1668 2623">
     <span class='ocr_line' id='line_1_21' title="bbox 495 2512 1668 2623; baseline -0.006 -24"><span class='ocrx_word' id='word_1_160' title='bbox 495 2546 572 2616; x_wconf 89' lang='lat' dir='ltr'>res,</span> <span class='ocrx_word' id='word_1_161' title='bbox 600 2530 739 2599; x_wconf 84' lang='lat' dir='ltr'>alterum</span> <span class='ocrx_word' id='word_1_162' title='bbox 767 2524 829 2617; x_wconf 82' lang='lat' dir='ltr'>sub</span> <span class='ocrx_word' id='word_1_163' title='bbox 853 2524 941 2613; x_wconf 87' lang='lat' dir='ltr'>Asa,</span> <span class='ocrx_word' id='word_1_164' title='bbox 966 2549 987 2600; x_wconf 92' lang='lat' dir='ltr'>a</span> <span class='ocrx_word' id='word_1_165' title='bbox 1008 2548 1093 2623; x_wconf 86' lang='lat' dir='ltr'>rege</span> <span class='ocrx_word' id='word_1_166' title='bbox 1116 2523 1367 2618; x_wconf 81' lang='lat' dir='ltr'>Aethyopum,</span> <span class='ocrx_word' id='word_1_167' title='bbox 1400 2512 1668 2596; x_wconf 77' lang='lat' dir='ltr'>seu&#39;cuschaeo</span> 
     </span>
    </p>
   </div>
   <div class='ocr_carea' id='block_1_6' title="bbox 486 2618 1669 2794">
    <p class='ocr_par' dir='ltr' id='par_1_6' title="bbox 486 2618 1669 2794">
     <span class='ocr_line' id='line_1_22' title="bbox 486 2618 1669 2794; baseline -0.008 -95"><span class='ocrx_word' id='word_1_168' title='bbox 486 2642 595 2713; x_wconf 82' lang='lat' dir='ltr'>rum,</span> <span class='ocrx_word' id='word_1_169' title='bbox 628 2636 666 2697; x_wconf 91' lang='lat' dir='ltr'>et</span> <span class='ocrx_word' id='word_1_170' title='bbox 693 2625 832 2794; x_wconf 56' lang='lat' dir='ltr'>rertu</span> <span class='ocrx_word' id='word_1_171' title='bbox 860 2621 960 2697; x_wconf 82' lang='lat' dir='ltr'>sociis</span> <span class='ocrx_word' id='word_1_172' title='bbox 984 2622 1125 2714; x_wconf 90' lang='lat' dir='ltr'>invaso,</span> <span class='ocrx_word' id='word_1_173' title='bbox 1151 2620 1314 2696; x_wconf 68' lang='lat' dir='ltr'>achron.</span> <span class='ocrx_word' id='word_1_174' title='bbox 1336 2640 1410 2695; x_wconf 80' lang='lat' dir='ltr'>trun</span> <span class='ocrx_word' id='word_1_175' title='bbox 1436 2623 1469 2694; x_wconf 87' lang='lat'>8.</span> <span class='ocrx_word' id='word_1_176' title='bbox 1487 2618 1556 2691; x_wconf 77' lang='lat' dir='ltr'>&amp;c</span> <span class='ocrx_word' id='word_1_177' title='bbox 1585 2620 1669 2690; x_wconf 79' lang='lat' dir='ltr'>olto·</span> 
     </span>
    </p>
   </div>
   <div class='ocr_carea' id='block_1_7' title="bbox 389 2710 1673 4257">
    <p class='ocr_par' dir='ltr' id='par_1_7' title="bbox 485 2710 1673 3198">
     <span class='ocr_line' id='line_1_23' title="bbox 493 2710 1672 2818; baseline -0.006 -24"><span class='ocrx_word' id='word_1_178' title='bbox 493 2742 570 2794; x_wconf 80' lang='lat' dir='ltr'>rum</span> <span class='ocrx_word' id='word_1_179' title='bbox 590 2719 651 2798; x_wconf 82' lang='lat' dir='ltr'>sttb</span> <span class='ocrx_word' id='word_1_180' title='bbox 674 2718 719 2816; x_wconf 93' lang='lat' dir='ltr'>Jo</span> <span class='ocrx_word' id='word_1_181' title='bbox 734 2720 883 2816; x_wconf 91' lang='lat' dir='ltr'>aphat0,</span> <span class='ocrx_word' id='word_1_182' title='bbox 923 2745 943 2796; x_wconf 89' lang='lat' dir='ltr'>a</span> <span class='ocrx_word' id='word_1_183' title='bbox 963 2721 1119 2815; x_wconf 85' lang='lat' dir='ltr'>pluribus</span> <span class='ocrx_word' id='word_1_184' title='bbox 1141 2721 1279 2818; x_wconf 86' lang='lat' dir='ltr'>regibus</span> <span class='ocrx_word' id='word_1_185' title='bbox 1308 2716 1514 2791; x_wconf 76' lang='lat' dir='ltr'>coadunatis</span> <span class='ocrx_word' id='word_1_186' title='bbox 1523 2710 1672 2788; x_wconf 47' lang='lat' dir='ltr'>‘ntem-</span> 
     </span>
     <span class='ocr_line' id='line_1_24' title="bbox 486 2808 1673 2920; baseline -0.008 -27"><span class='ocrx_word' id='word_1_187' title='bbox 486 2830 571 2908; x_wconf 80' lang='lat' dir='ltr'>to,</span> <span class='ocrx_word' id='word_1_188' title='bbox 591 2818 640 2895; x_wconf 90' lang='lat' dir='ltr'>ib.</span> <span class='ocrx_word' id='word_1_189' title='bbox 661 2840 692 2893; x_wconf 92' lang='lat' dir='ltr'>c.</span> <span class='ocrx_word' id='word_1_190' title='bbox 714 2842 772 2897; x_wconf 83' lang='lat' dir='ltr'>xx.</span> <span class='ocrx_word' id='word_1_191' title='bbox 822 2817 912 2920; x_wconf 86' lang='lat' dir='ltr'>Quae</span> <span class='ocrx_word' id='word_1_192' title='bbox 932 2817 1081 2917; x_wconf 68' lang='lat' dir='ltr'>tetigisse</span> <span class='ocrx_word' id='word_1_193' title='bbox 1103 2816 1304 2905; x_wconf 85' lang='lat' dir='ltr'>suffecerit3</span> <span class='ocrx_word' id='word_1_194' title='bbox 1330 2829 1489 2902; x_wconf 87' lang='lat' dir='ltr'>tantum,</span> <span class='ocrx_word' id='word_1_195' title='bbox 1515 2812 1564 2886; x_wconf 88' lang='lat' dir='ltr'>ad</span> <span class='ocrx_word' id='word_1_196' title='bbox 1582 2808 1673 2885; x_wconf 69' lang='lat' dir='ltr'>dicto</span> 
     </span>
     <span class='ocr_line' id='line_1_25' title="bbox 487 2904 1671 3020; baseline -0.01 -30"><span class='ocrx_word' id='word_1_197' title='bbox 487 2912 753 3007; x_wconf 77' lang='lat' dir='ltr'>confirmanda,</span> <span class='ocrx_word' id='word_1_198' title='bbox 778 2918 982 2995; x_wconf 84' lang='lat' dir='ltr'>advertatur</span> <span class='ocrx_word' id='word_1_199' title='bbox 1003 2916 1193 3008; x_wconf 88' lang='lat' dir='ltr'>duplicatio</span> <span class='ocrx_word' id='word_1_200' title='bbox 1213 2910 1386 3018; x_wconf 65' lang='lat' dir='ltr'>phrafioe,</span> <span class='ocrx_word' id='word_1_201' title='bbox 1419 2904 1671 3020; x_wconf 65' lang='lat' dir='ltr'>quaffotidiost·</span> 
     </span>
     <span class='ocr_line' id='line_1_26' title="bbox 489 3002 1671 3109; baseline 0 -26"><span class='ocrx_word' id='word_1_202' title='bbox 489 3016 679 3109; x_wconf 77' lang='lat' dir='ltr'>poliantur,</span> <span class='ocrx_word' id='word_1_203' title='bbox 712 3012 853 3107; x_wconf 80' lang='lat' dir='ltr'>quaffizti</span> <span class='ocrx_word' id='word_1_204' title='bbox 874 3010 1133 3103; x_wconf 76' lang='lat' dir='ltr'>disfipabuntur,</span> <span class='ocrx_word' id='word_1_205' title='bbox 1172 3028 1248 3098; x_wconf 81' lang='lat' dir='ltr'>quae</span> <span class='ocrx_word' id='word_1_206' title='bbox 1268 3004 1312 3078; x_wconf 92' lang='lat' dir='ltr'>ad</span> <span class='ocrx_word' id='word_1_207' title='bbox 1331 3002 1483 3079; x_wconf 76' lang='lat' dir='ltr'>dtverfas</span> <span class='ocrx_word' id='word_1_208' title='bbox 1505 3020 1544 3079; x_wconf 80' lang='lat' dir='ltr'>et</span> <span class='ocrx_word' id='word_1_209' title='bbox 1565 3018 1671 3083; x_wconf 69' lang='lat' dir='ltr'>litem·</span> 
     </span>
     <span class='ocr_line' id='line_1_27' title="bbox 485 3102 1435 3198; baseline -0.013 -17"><span class='ocrx_word' id='word_1_210' title='bbox 485 3108 547 3182; x_wconf 76' lang='lat' dir='ltr'>’tas</span> <span class='ocrx_word' id='word_1_211' title='bbox 567 3109 665 3179; x_wconf 85' lang='lat' dir='ltr'>vices</span> <span class='ocrx_word' id='word_1_212' title='bbox 691 3127 756 3179; x_wconf 91' lang='lat' dir='ltr'>nos</span> <span class='ocrx_word' id='word_1_213' title='bbox 778 3105 904 3198; x_wconf 89' lang='lat' dir='ltr'>sponte</span> <span class='ocrx_word' id='word_1_214' title='bbox 926 3102 1036 3176; x_wconf 90' lang='lat' dir='ltr'>ducit.</span> <span class='ocrx_word' id='word_1_215' title='bbox 1431 3149 1435 3156; x_wconf 83' lang='lat'><em>-</em></span> 
     </span>
    </p>

    <p class='ocr_par' dir='ltr' id='par_1_8' title="bbox 485 3196 1669 3687">
     <span class='ocr_line' id='line_1_28' title="bbox 544 3196 1667 3302; baseline 0.002 -26"><span class='ocrx_word' id='word_1_216' title='bbox 544 3207 576 3295; x_wconf 83' lang='lat'>§.</span> <span class='ocrx_word' id='word_1_217' title='bbox 594 3201 737 3276; x_wconf 77' lang='lat' dir='ltr'>XXXV.</span> <span class='ocrx_word' id='word_1_218' title='bbox 764 3201 806 3277; x_wconf 93' lang='lat' dir='ltr'>In</span> <span class='ocrx_word' id='word_1_219' title='bbox 829 3200 924 3275; x_wconf 86' lang='lat' dir='ltr'>hisce</span> <span class='ocrx_word' id='word_1_220' title='bbox 949 3199 1034 3274; x_wconf 90' lang='lat' dir='ltr'>licet</span> <span class='ocrx_word' id='word_1_221' title='bbox 1047 3196 1268 3293; x_wconf 81' lang='lat' dir='ltr'>acquiescere</span> <span class='ocrx_word' id='word_1_222' title='bbox 1292 3197 1434 3296; x_wconf 86' lang='lat' dir='ltr'>poffim,</span> <span class='ocrx_word' id='word_1_223' title='bbox 1460 3199 1667 3302; x_wconf 67' lang='lat' dir='ltr'>subiungere</span> 
     </span>
     <span class='ocr_line' id='line_1_29' title="bbox 485 3298 1669 3398; baseline -0.004 -19"><span class='ocrx_word' id='word_1_224' title='bbox 485 3316 615 3379; x_wconf 86' lang='lat' dir='ltr'>tamen</span> <span class='ocrx_word' id='word_1_225' title='bbox 648 3301 755 3398; x_wconf 85' lang='lat' dir='ltr'>longe</span> <span class='ocrx_word' id='word_1_226' title='bbox 782 3298 881 3373; x_wconf 88' lang='lat' dir='ltr'>aliam</span> <span class='ocrx_word' id='word_1_227' title='bbox 905 3298 1265 3392; x_wconf 84' lang='lat' dir='ltr'>interpretationem,</span> <span class='ocrx_word' id='word_1_228' title='bbox 1305 3300 1403 3394; x_wconf 85' lang='lat' dir='ltr'>cujus</span> <span class='ocrx_word' id='word_1_229' title='bbox 1425 3298 1542 3375; x_wconf 86' lang='lat' dir='ltr'>ansam</span> <span class='ocrx_word' id='word_1_230' title='bbox 1563 3300 1669 3375; x_wconf 87' lang='lat' dir='ltr'>dede-</span> 
     </span>
     <span class='ocr_line' id='line_1_30' title="bbox 494 3396 1668 3490; baseline -0.004 -13"><span class='ocrx_word' id='word_1_231' title='bbox 494 3414 579 3477; x_wconf 89' lang='lat' dir='ltr'>runt</span> <span class='ocrx_word' id='word_1_232' title='bbox 611 3397 695 3473; x_wconf 89' lang='lat' dir='ltr'>Intt.</span> <span class='ocrx_word' id='word_1_233' title='bbox 722 3396 857 3487; x_wconf 88' lang='lat' dir='ltr'>Graeci,</span> <span class='ocrx_word' id='word_1_234' title='bbox 899 3396 957 3490; x_wconf 92' lang='lat' dir='ltr'>qui</span> <span class='ocrx_word' id='word_1_235' title='bbox 988 3396 1055 3469; x_wconf 90' lang='lat' dir='ltr'>hac</span> <span class='ocrx_word' id='word_1_236' title='bbox 1081 3397 1219 3471; x_wconf 88' lang='lat' dir='ltr'>ratione</span> <span class='ocrx_word' id='word_1_237' title='bbox 1248 3409 1456 3487; x_wconf 84' lang='lat' dir='ltr'>verterunt,</span> <span class='ocrx_word' id='word_1_238' title='bbox 1501 3400 1553 3474; x_wconf 92' lang='lat' dir='ltr'>uti</span> <span class='ocrx_word' id='word_1_239' title='bbox 1588 3398 1668 3472; x_wconf 76' lang='lat' dir='ltr'>Lat</span> 
     </span>
     <span class='ocr_line' id='line_1_31' title="bbox 493 3491 1668 3687; baseline -0.006 -113"><span class='ocrx_word' id='word_1_240' title='bbox 493 3496 661 3574; x_wconf 88' lang='lat' dir='ltr'>reddidit:</span> <span class='ocrx_word' id='word_1_241' title='bbox 702 3492 777 3568; x_wconf 83' lang='lat' dir='ltr'>Rex</span> <span class='ocrx_word' id='word_1_242' title='bbox 800 3500 968 3569; x_wconf 61' lang='lat' dir='ltr'>vitutum</span> <span class='ocrx_word' id='word_1_243' title='bbox 994 3491 1141 3592; x_wconf 78' lang='lat' dir='ltr'>(refflus</span> <span class='ocrx_word' id='word_1_244' title='bbox 1166 3498 1386 3586; x_wconf 79' lang='lat' dir='ltr'>exercituum,</span> <span class='ocrx_word' id='word_1_245' title='bbox 1420 3494 1668 3687; x_wconf 52' lang='grc' dir='ltr'>δυνάςεέςᾶαυῑ</span> 
     </span>
    </p>

    <p class='ocr_par' dir='ltr' id='par_1_9' title="bbox 389 3611 1668 4249">
     <span class='ocr_line' id='line_1_32' title="bbox 1557 3611 1668 3680; baseline 0.018 -19"><span class='ocrx_word' id='word_1_246' title='bbox 1557 3614 1568 3661; x_wconf 85' lang='lat' dir='ltr'>t</span> <span class='ocrx_word' id='word_1_247' title='bbox 1629 3611 1668 3680; x_wconf 79' lang='lat' dir='ltr'>t,</span> 
     </span>
     <span class='ocr_line' id='line_1_33' title="bbox 496 3683 1666 3789; baseline -0.003 -26"><span class='ocrx_word' id='word_1_248' title='bbox 496 3694 620 3784; x_wconf 79' lang='lat' dir='ltr'>diieiti3</span> <span class='ocrx_word' id='word_1_249' title='bbox 648 3690 691 3777; x_wconf 71' lang='lat'>&amp;⁹</span> <span class='ocrx_word' id='word_1_250' title='bbox 703 3690 823 3789; x_wconf 69' lang='lat' dir='ltr'>spetiei</span> <span class='ocrx_word' id='word_1_251' title='bbox 845 3690 955 3764; x_wconf 83' lang='lat' dir='ltr'>domus</span> <span class='ocrx_word' id='word_1_252' title='bbox 981 3688 1157 3786; x_wconf 59' lang='lat' dir='ltr'>(riparium</span> <span class='ocrx_word' id='word_1_253' title='bbox 1173 3700 1214 3763; x_wconf 68' lang='lat' dir='ltr'>oi</span> <span class='ocrx_word' id='word_1_254' title='bbox 1226 3683 1601 3789; x_wconf 66' lang='lat' dir='ltr'>imspiendidaformae</span> <span class='ocrx_word' id='word_1_255' title='bbox 1614 3689 1666 3761; x_wconf 81' lang='lat' dir='ltr'>dt·</span> 
     </span>
     <span class='ocr_line' id='line_1_34' title="bbox 493 3764 1664 3887; baseline -0.004 -26"><span class='ocrx_word' id='word_1_256' title='bbox 493 3789 588 3885; x_wconf 85' lang='lat' dir='ltr'>mur)</span> <span class='ocrx_word' id='word_1_257' title='bbox 603 3786 870 3887; x_wconf 81' lang='lat' dir='ltr'>dividerespoiia.</span> <span class='ocrx_word' id='word_1_258' title='bbox 886 3788 1069 3885; x_wconf 84' lang='lat' dir='ltr'>Legerunt</span> <span class='ocrx_word' id='word_1_259' title='bbox 1084 3787 1189 3884; x_wconf 88' lang='lat' dir='ltr'>igitur</span> <span class='ocrx_word' id='word_1_260' title='bbox 1203 3788 1276 3862; x_wconf 89' lang='lat' dir='ltr'>aliis</span> <span class='ocrx_word' id='word_1_261' title='bbox 1292 3784 1447 3879; x_wconf 78' lang='lat' dir='ltr'>pontus,</span> <span class='ocrx_word' id='word_1_262' title='bbox 1463 3787 1557 3856; x_wconf 55' lang='grc' dir='ltr'>ΜΨ</span> <span class='ocrx_word' id='word_1_263' title='bbox 1580 3764 1664 3876; x_wconf 51' lang='grc' dir='ltr'>Ῥῧῠ,</span> 
     </span>
     <span class='ocr_line' id='line_1_35' title="bbox 496 3882 1665 3992; baseline -0.002 -33"><span class='ocrx_word' id='word_1_264' title='bbox 496 3900 534 3961; x_wconf 89' lang='lat' dir='ltr'>et</span> <span class='ocrx_word' id='word_1_265' title='bbox 558 3912 649 3961; x_wconf 71' lang='lat' dir='ltr'>nram</span> <span class='ocrx_word' id='word_1_266' title='bbox 676 3909 757 3961; x_wconf 88' lang='lat' dir='ltr'>curn</span> <span class='ocrx_word' id='word_1_267' title='bbox 781 3916 851 3991; x_wconf 69' lang='lat' dir='ltr'>prm</span> <span class='ocrx_word' id='word_1_268' title='bbox 876 3884 1174 3975; x_wconf 77' lang='lat' dir='ltr'>construxerunt,</span> <span class='ocrx_word' id='word_1_269' title='bbox 1215 3900 1383 3981; x_wconf 77' lang='lat' dir='ltr'>praeterea</span> <span class='ocrx_word' id='word_1_270' title='bbox 1404 3903 1471 3976; x_wconf 92' lang='lat' dir='ltr'>pro</span> <span class='ocrx_word' id='word_1_271' title='bbox 1497 3886 1580 3992; x_wconf 62' lang='lat' dir='ltr'>pino</span> <span class='ocrx_word' id='word_1_272' title='bbox 1606 3882 1665 3957; x_wconf 89' lang='lat' dir='ltr'>ha-</span> 
     </span>
     <span class='ocr_line' id='line_1_36' title="bbox 496 3979 1665 4094; baseline -0.002 -35"><span class='ocrx_word' id='word_1_273' title='bbox 496 3986 651 4059; x_wconf 90' lang='lat' dir='ltr'>buerunt</span> <span class='ocrx_word' id='word_1_274' title='bbox 667 3988 748 4094; x_wconf 62' lang='lat' dir='ltr'>pin,</span> <span class='ocrx_word' id='word_1_275' title='bbox 771 4000 809 4059; x_wconf 93' lang='lat' dir='ltr'>et</span> <span class='ocrx_word' id='word_1_276' title='bbox 826 4008 892 4081; x_wconf 91' lang='lat' dir='ltr'>pro</span> <span class='ocrx_word' id='word_1_277' title='bbox 913 3982 1039 4060; x_wconf 80' lang='lat' dir='ltr'>infinit</span> <span class='ocrx_word' id='word_1_278' title='bbox 1055 3994 1289 4080; x_wconf 86' lang='lat' dir='ltr'>acceperunt,</span> <span class='ocrx_word' id='word_1_279' title='bbox 1305 4002 1416 4076; x_wconf 87' lang='lat' dir='ltr'>eaque</span> <span class='ocrx_word' id='word_1_280' title='bbox 1429 3979 1567 4056; x_wconf 88' lang='lat' dir='ltr'>ratione</span> <span class='ocrx_word' id='word_1_281' title='bbox 1581 3998 1665 4057; x_wconf 88' lang='lat' dir='ltr'>cum</span> 
     </span>
     <span class='ocr_line' id='line_1_37' title="bbox 389 4077 1666 4249; baseline 0 -96"><span class='ocrx_word' id='word_1_282' title='bbox 389 4168 393 4171; x_wconf 38' lang='grc'><strong>,</strong></span> <span class='ocrx_word' id='word_1_283' title='bbox 474 4096 546 4157; x_wconf 73' lang='lat' dir='ltr'>‘ma</span> <span class='ocrx_word' id='word_1_284' title='bbox 573 4110 618 4157; x_wconf 81' lang='lat' dir='ltr'>nn</span> <span class='ocrx_word' id='word_1_285' title='bbox 647 4078 947 4174; x_wconf 82' lang='lat' dir='ltr'>construxerunt,</span> <span class='ocrx_word' id='word_1_286' title='bbox 963 4100 1004 4160; x_wconf 92' lang='lat' dir='ltr'>ut</span> <span class='ocrx_word' id='word_1_287' title='bbox 1024 4082 1151 4158; x_wconf 83' lang='lat' dir='ltr'>divisio</span> <span class='ocrx_word' id='word_1_288' title='bbox 1168 4081 1362 4179; x_wconf 89' lang='lat' dir='ltr'>spoliorum</span> <span class='ocrx_word' id='word_1_289' title='bbox 1378 4077 1476 4155; x_wconf 70' lang='lat' dir='ltr'>sada</span> <span class='ocrx_word' id='word_1_290' title='bbox 1490 4077 1666 4249; x_wconf 43' lang='lat' dir='ltr'>sueritffif</span> 
     </span>
    </p>

    <p class='ocr_par' dir='ltr' id='par_1_10' title="bbox 1019 4186 1615 4257">
     <span class='ocr_line' id='line_1_38' title="bbox 1019 4186 1615 4257; baseline -0.01 0"><span class='ocrx_word' id='word_1_291' title='bbox 1019 4186 1038 4257; x_wconf 68' lang='lat' dir='ltr'>&#39;e</span> <span class='ocrx_word' id='word_1_292' title='bbox 1092 4216 1096 4224; x_wconf 52' lang='lat'>¹</span> <span class='ocrx_word' id='word_1_293' title='bbox 1585 4193 1615 4251; x_wconf 84' lang='lat' dir='ltr'>u</span> 
     </span>
    </p>
   </div>
   <div class='ocr_carea' id='block_1_8' title="bbox 0 0 1954 5117">
    <p class='ocr_par' dir='ltr' id='par_1_11' title="bbox 0 0 1954 5117">
     <span class='ocr_line' id='line_1_39' title="bbox 0 0 1954 5117; baseline 0 0"><span class='ocrx_word' id='word_1_294' title='bbox 0 0 1954 5117; x_wconf 95' lang='lat' dir='ltr'> </span> 
     </span>
    </p>
   </div>
  </div>
 </body>
</html>
