3900 5117
540 543 614 615 622
720 518 1536 610 COMMENTARIUS

541 738 642 811 Deus
674 722 732 805 ire
746 725 881 818 furnum
898 722 1030 800 'mediis
1054 724 1090 797 in
1111 720 1278 817 precibus
1300 718 1419 817 spiret.
1464 716 1560 821 Quae
1575 722 1717 807 Caluini

541 835 596 909 est
612 853 685 906 non
699 826 878 918 inelegans
892 822 1082 920 cogitatio,
1108 823 1229 893 nescio
1243 842 1349 913 quarn
1367 814 1485 895 solida.
1613 828 1618 835 ⁴

593 935 623 1018 ᾗ.
638 922 798 998 XXXlll.
823 920 892 993 Sed
906 918 1073 1011 quicquid
1086 916 1150 987 hac
1166 916 1209 989 de
1224 938 1263 989 re
1276 914 1543 1004 flammantius
1557 902 1659 999 redis
1673 923 1713 1005 in

545 1027 697 1101 obscuro
711 1042 787 1094 non
801 1014 863 1090 est.
889 1015 983 1088 Cum
998 1018 1093 1087 enim
1107 1010 1178 1107 nest
1186 1010 1306 1107 sumus
1318 1014 1404 1091 iram
1419 1015 1588 1108 denotet,
1604 1042 1715 1115 eaque

540 1130 577 1199 in
600 1123 704 1209 Deo,
729 1119 772 1191 ab
797 1115 965 1188 omnibus
989 1109 1171 1187 affeilibus
1196 1113 1328 1201 libero,
1359 1134 1434 1187 non
1448 1122 1712 1210 commotionem,

543 1221 603 1297 scd
623 1214 819 1295 naturalem
842 1214 1046 1284 voluntatem
1064 1210 1235 1305 puniendi
1262 1224 1433 1307 peccata,
1463 1234 1485 1285 a
1506 1210 1713 1291 sanilisfima

543 1320 615 1393 Dei
635 1288 762 1391 aretusa
790 1308 1018 1396 alienissima,
1053 1306 1204 1401 Deoque
1219 1305 1403 1401 injuriosa,
1428 1330 1505 1401 quae
1518 1327 1712 1408 propterea

543 1438 655 1516 poenae
671 1410 835 1485 debitum
848 1405 969 1481 sectun
982 1404 1153 1493 trahunt,
1170 1404 1431 1499 fimpliciterob
1445 1408 1569 1481 oculos
1580 1426 1710 1505 ponat,
1778 1483 1782 1489 .

537 1513 674 1608 fumare
690 1508 759 1582 Dei
779 1510 936 1600 inprecer
952 1502 1041 1577 nihil
1062 1500 1157 1575 aliud
1181 1502 1288 1590 dicit,
1308 1524 1379 1594 erc,
1400 1526 1476 1577 non
1489 1502 1710 1596 obstantibus

544 1610 733 1709 precibus,
747 1602 918 1701 puniendi
931 1601 1155 1675 voluntatem
1169 1600 1436 1689 retinere,&in
1444 1602 1541 1677 malis
1554 1603 1712 1703 infligen-

542 1711 616 1798 dis,
642 1720 703 1780 aut
717 1699 985 1786 continuandis,
1011 1697 1256 1793 perseverare,
1275 1717 1344 1794 per
1364 1719 1485 1792 preces
1500 1720 1575 1775 non
1591 1700 1710 1795 flesti,

545 1829 621 1883 non
636 1802 780 1901 placari:
806 1801 880 1872 imo
893 1795 963 1871 sese
976 1796 1112 1891 populo
1128 1799 1286 1892 precanti
1324 1794 1490 1890 ropitium
1513 1798 1548 1870 δι
1570 1797 1713 1877 facilem

544 1928 622 1981 non
642 1899 819 1996 praebere,
852 1893 912 1969 sed
931 1894 1066 1970 aditum
1088 1893 1130 1966 ad
1152 1894 1268 1967 lucem
1287 1818 1391 1967 deici
1410 1893 1626 1987 occludere,
1659 1901 1712 1973 ita

542 2018 586 2078 et
601 1995 775 2073 fiducia&
789 1993 864 2088 spes
881 1992 1114 2067 exauditionis
1127 1991 1263 2086 populo
1278 1992 1393 2065 oranti
1404 2006 1547 2087 pereat,
1562 1996 1710 2088 ejusque

543 2100 641 2179 ardor
660 2100 697 2173 in
718 2090 884 2189 precibus
907 2088 1031 2165 senfin
1055 2084 1305 2185 exstinguatur.
1355 2087 1424 2163 Sed
1452 2088 1604 2185 emphasi
1633 2112 1708 2177 non¹

541 2210 666 2286 caret,
704 2189 799 2286 quod
822 2191 935 2285 pepuli
957 2187 1028 2261 Dei
1045 2208 1170 2283 preces
1192 2186 1329 2261 dicant:
1359 2190 1710 2285 praeter'generalenr

543 2297 643 2370 enim
666 2288 904 2385 &vulgatum
926 2288 1001 2380 ejus
1021 2282 1266 2371 intelleilum,
1297 2304 1369 2385 quo
1394 2282 1510 2377 Judaei
1531 2284 1651 2375 aDeo
1669 2290 1710 2363 irr

543 2391 661 2466 foedus
681 2385 838 2474 assumti,
869 2384 903 2459 ur
925 2383 1025 2478 erilis
1046 2382 1195 2459 vinculis
1213 2403 1298 2456 eum
1318 2378 1403 2453 Deo
1421 2382 1601 2476 copulati,
1634 2382 1712 2477 ejus

542 2490 682 2587 populus
703 2484 869 2571 audiunt,
894 2481 1072 2577 speciatim
1091 2483 1129 2555 in
1150 2479 1220 2555 hoc
1240 2479 1358 2576 elogio
1373 2477 1416 2551 ad
1424 2474 1525 2573 fidem
1538 2478 1654 2572 suam,
1674 2485 1712 2575 iu

547 2584 692 2660 sederis
713 2581 976 2658 conditionibus
997 2577 1182 2675 implendis
1204 2574 1417 2673 praeffitam,
1442 2574 1637 2674 ,respexisse
1660 2582 1709 2669 vif

434 2707 437 2710 ·
541 2682 698 2758 dentur:
724 2683 773 2755 ita
793 2694 852 2768 ut,
872 2677 909 2751 sc
929 2676 1046 2751 aDeo
1061 2698 1134 2751 nen
1151 2674 1337 2763 defecisse,
1357 2694 1426 2748 nec
1438 2675 1658 2767 idololatria,
1670 2690 1710 2765 ut

542 2782 653 2867 olim,
669 2780 740 2855 sese
756 2775 954 2863 raminall'e,
966 2775 1041 2851 hoc
1055 2776 1160 2851 titulo
1172 2773 1382 2851 insinuatum
1397 2772 1590 2849 voluerint.
1605 2772 1713 2875 Quod

542 2882 591 2959 ad
618 2878 741 2956 Deum
766 2873 980 2951 fleetendum
1010 2892 1085 2951 erat
1111 2867 1521 2951 accommodatissimum,
1572 2872 1630 2947 Sic
1658 2870 1709 2947 Ps

548 3001 653 3055 atter:
682 2981 737 3051 18.
761 2976 857 3051 idem
878 2974 964 3047 illud
985 2972 1223 3058 confitentur,
1256 2970 1318 3043 ubi
1343 2968 1479 3043 dicunt.
1528 2965 1605 3043 Hoc
1624 2990 1712 3045 omne

546 3082 637 3150 nelis
656 3075 794 3155 accidit,
826 3068 870 3150 ὃ
883 3072 1054 3144 molliri
1062 3068 1178 3163 sumas
1194 3072 1264 3151 tui,
1290 3087 1346 3137 nec
1360 3060 1523 3138 minuans
1537 3090 1594 3140 nos
1608 3074 1644 3142 in
1649 3064 1711 3159 fa·

548 3177 725 3245 ductuum
743 3163 900 3255 fuimus,
931 3164 1021 3238 vers
1046 3186 1103 3237 21.
1127 3161 1160 3257 fi
1180 3165 1275 3235 obliti
1288 3156 1459 3252 fuerimus
1480 3169 1619 3242 mininis
1644 3165 1710 3239 Dei

547 3264 670 3356 nostra,
702 3282 878 3353 manusque
898 3259 1024 3348 nostras
1045 3262 1088 3333 ad
1106 3258 1217 3334 Deum
1235 3263 1444 3356 peregrinum
1457 3265 1711 3357 expenderimus.

548 3360 660 3463 Quod
680 3356 902 3454 temporibus
923 3358 1175 3447 Maccabaicis,
1189 3358 1328 3451 ouibus
1342 3358 1521 3457 religionis
1537 3361 1710 3435 causave·

414 3439 416 3450 Ι
546 3452 1027 3554 elabantur,gravislimisque
1041 3458 1145 3531 minis
1160 3454 1202 3533 ad
1216 3454 1450 3533 idololatriam
1462 3458 1638 3549 Syriacam
1652 3474 1710 3531 co·
1730 3500 1735 3507 ·

550 3560 744 3656 genantur,
770 3553 813 3628 ad
827 3574 903 3627 rem
917 3574 1021 3647 quam
1040 3554 1189 3631 maxime
1202 3550 1356 3629 faciebat
1369 3550 1577 3633 observasse.
1627 3554 1714 3654 Quo

542 3656 625 3753 ipso
639 3658 677 3730 in
691 3653 947 3750 elegantiorem
960 3654 1059 3729 vocis
1068 3669 1200 3751 neuim
1214 3651 1388 3745 emphasin
1403 3652 1636 3747 detegendam
1650 3652 1710 3727 du·

544 3756 675 3829 eirnur.
724 3752 808 3832 Vox
821 3749 917 3826 enirn
931 3750 1043 3826 Hebn
1069 3758 1151 3827 nien
1172 3752 1372 3824 orationem
1385 3747 1601 3842 adJudicem
1624 3750 1713 3827 dire·

550 3854 642 3926 eiam
654 3849 844 3946 fignificat,
869 3872 938 3944 qua
957 3852 1033 3943 quis
1051 3846 1147 3942 'justa
1167 3845 1234 3919 suae
1249 3843 1358 3921 causae
1372 3846 1612 3920 defenfionem
1627 3849 1713 3936 aiu.

542 3950 629 4024 dice
647 3951 746 4044 petit.
773 3946 824 4022 Ps.
845 3969 906 4022 av:
924 3970 955 4018 2.
983 3945 1078 4021 Deus
1091 3943 1230 4040 justitie
1244 3969 1319 4021 mee
1334 3944 1418 4015 sadi·
1434 3948 1549 4028 rraian,
1576 3936 1713 4033 justitie

551 4070 639 4123 meae
672 4044 972 4139 implorationem.
1038 4044 1150 4124 Radix
1178 4047 1243 4121 nir
1276 4042 1428 4141 jadram
1452 4034 1629 4129 meotes,
1671 4056 1712 4129 ut

1113 4165 1116 4175 ·
1564 4150 1710 4227 mrum.
