3900 5117
526 578 599 654 544
714 551 1521 637 COMMENTARIUS

536 753 642 852 gavisi
662 769 788 842 erant,
809 756 1082 832 &etiamnunc
1102 755 1330 844 fruebantur,
1353 755 1389 829 dc
1408 751 1643 831 naberentur
1663 755 1701 832 in

534 845 713 947 posterum
724 903 736 940 ,
749 853 786 926 in
802 854 955 942 sisenna,
980 876 1071 948 pane
1086 854 1248 943 coelesti,
1261 853 1348 942 sito,
1364 854 1452 928 vers.
1469 873 1630 947 23—25.
1651 852 1703 926 Et

531 957 685 1046 pracepit
703 956 839 1023 nubibus
861 950 1010 1047 desuper,
1044 949 1088 1034 ὅ
1108 956 1263 1024 coelorum
1287 957 1408 1024 ualuas
1429 957 1581 1048 aperuit,
1607 964 1638 1022 et
1652 951 1702 1023 do

534 1051 621 1140 plaut
637 1071 756 1120 manno
770 1054 806 1120 sa
818 1071 868 1120 ert
881 1052 923 1119 od
939 1051 1176 1135 coemendum,
1192 1065 1223 1121 et
1232 1047 1439 1141 frumentum
1453 1052 1609 1120 coeluum
1618 1061 1703 1143 prae·

535 1146 606 1214 duit
622 1143 710 1240 spfis,
723 1160 836 1239 ponem
847 1142 1012 1235 fortium,
1037 1145 1094 1218 uel
1111 1146 1329 1240 principum,
1351 1146 1484 1218 comedit
1499 1150 1582 1232 vir,
1598 1149 1703 1216 niati·

535 1261 609 1313 cum
631 1241 718 1336 miste
739 1240 816 1338 ipfis
837 1245 879 1313 ad
889 1239 1091 1337 satietatem.
1185 1265 1237 1316 uae
1258 1245 1366 1315 verba
1386 1263 1495 1334 quare
1509 1242 1566 1314 hic
1579 1241 1703 1317 locun

465 1348 467 1351 ’
535 1336 743 1424 inveniant,
782 1361 856 1412 non
879 1338 969 1413 adeo
992 1339 1125 1412 clarum
1146 1360 1166 1411 e
1258 1339 1393 1412 Manna
1411 1339 1608 1431 enimnon
1630 1337 1703 1410 hoc

538 1449 702 1530 tempore
720 1437 873 1528 incepit,
900 1435 958 1508 sed
980 1435 1039 1508 diu
1059 1451 1181 1523 antea,
1202 1435 1309 1509 etiam
1325 1441 1407 1509 ante
1421 1456 1518 1527 aquae
1531 1433 1703 1508 fluxurae

537 1555 626 1626 rupe
647 1532 829 1607 sertiaux.
852 1555 927 1607 xvi.
979 1532 1106 1604 Videri
1122 1533 1240 1625 itaque
1253 1531 1392 1626 possent
1407 1533 1481 1604 haec
1495 1531 1605 1604 verba
1617 1531 1703 1604 loco

537 1645 657 1719 mota,
688 1630 724 1703 δι
749 1645 831 1704 ante
857 1628 947 1702 vers.
971 1643 1087 1718 istum
1107 1628 1332 1718 collocanda}
1358 1627 1418 1703 sed
1439 1625 1575 1718 obstat,
1607 1625 1704 1722 quod

536 1727 629 1801 vers.
651 1747 708 1800 20.
732 1740 817 1801 tunc
843 1748 942 1820 aeque
955 1748 1135 1800 manneae
1148 1727 1237 1822 aqua
1251 1723 1465 1800 miraculosae
1479 1723 1705 1802 meminisset.

538 1823 731 1900 Probabile
757 1823 844 1896 mihi
872 1822 945 1911 est,
979 1837 1158 1898 oratorem
1179 1824 1217 1896 in
1238 1821 1460 1898 recensendis
1487 1821 1704 1896 mirabilibus

539 1917 630 2011 Dei,
650 1921 758 2014 hujus
768 1920 821 1992 rei
833 1919 993 2018 neglecta
1006 1922 1209 2010 mentione,
1224 1921 1346 1994 locum
1358 1920 1393 1991 ei
1414 1919 1473 1992 hic
1488 1917 1640 2008 dedisse,
1654 1935 1705 1994 ne

540 2040 618 2093 eam
632 2018 736 2111 plane
751 2018 1057 2111 praetermitteret,
1083 2038 1234 2110 eumque
1259 2016 1338 2091 satis
1357 2016 1608 2105 commodum,
1621 2036 1704 2106 cinq

540 2113 672 2191 illustre
693 2114 780 2189 esset
799 2113 979 2208 specimen
993 2114 1158 2190 bonitaus
1176 2115 1210 2186 &
1225 2113 1340 2188 salutis
1347 2113 1446 2202 Dei,
1471 2113 1531 2186 cui
1546 2135 1609 2188 eos
1629 2133 1705 2188 mo·

465 2272 467 2276 .
539 2214 588 2288 do
611 2214 745 2288 dixerat
767 2234 841 2287 non
861 2209 988 2302 fidiffe3
1014 2212 1170 2299 accedit,
1184 2207 1352 2294 uterina&
1366 2216 1544 2282 utumices
1557 2211 1594 2283 in
1610 2209 1707 2303 prim

540 2312 637 2405 cipio
658 2331 801 2404 quoque
820 2307 921 2386 fuisse
939 2308 1102 2401 jundtos,
1127 2307 1193 2382 Ex.
1215 2320 1290 2382 rur.
1311 2306 1430 2380 &hoc
1442 2321 1634 2400 tempore,
1658 2305 1710 2379 de

541 2429 614 2498 quo
636 2407 694 2479 hic
714 2407 846 2501 agitur,
872 2404 1106 2498 perseverasse
1126 2427 1270 2495 manna3
1295 2403 1447 2497 denique
1461 2405 1577 2477 notari
1590 2417 1708 2477 mere-

529 2515 622 2589 tur,
647 2501 782 2574 Manna
803 2499 930 2575 diserte
953 2503 1023 2576 dici
1042 2503 1086 2574 ab
1108 2502 1149 2574 iis
1170 2501 1241 2577 hoc
1263 2515 1427 2596 tempore
1439 2500 1598 2595 spretum
1611 2496 1709 2573 &far
1796 2586 1802 2594 Ι

541 2596 724 2689 stiditum,
755 2619 861 2689 quare
883 2597 969 2672 iliud
991 2595 1206 2672 beneficium
1226 2601 1429 2674 merebatur
1460 2599 1530 2671 hoe
1551 2598 1634 2672 loco
1653 2595 1707 2671 ine

542 2693 631 2785 seri,
661 2695 697 2768 br
720 2695 864 2785 extolli,
896 2696 949 2771 uti
970 2697 1076 2770 etiam
1099 2693 1161 2776 fit,
1176 2695 1284 2771 Num.
1298 2717 1349 2770 xi:
1366 2717 1398 2791 7.
1449 2693 1628 2794 Quicquid
1646 2691 1707 2782 stt«,

543 2795 656 2867 verba
676 2793 734 2866 hic
755 2813 830 2868 non
852 2809 1063 2882 occurrunt,
1088 2807 1254 2886 tanquam
1270 2793 1486 2878 enarrantia,
1510 2791 1596 2885 quid
1609 2790 1711 2870 neue

540 2889 615 2968 h'oc
643 2906 818 2986 tempore
837 2889 957 2966 facere
979 2890 1126 2968 instituit
1147 2893 1184 2966 in
1243 2891 1348 2963 atiam
1369 2887 1521 2982 populi,
1553 2887 1614 2962 sed
1635 2903 1710 2961 tan-

543 3011 651 3082 quam
672 2988 843 3084 fingulare
862 2987 1039 3082 specimen
1062 2988 1178 3061 salutis
1235 2987 1289 3070 ei,
1320 3007 1391 3077 quo
1404 2983 1552 3056 excitari
1572 2983 1710 3059 debuis-

543 3085 621 3161 sent
640 3086 685 3158 ad
706 3086 790 3157 Deo
808 3083 1010 3173 fidendum-3
1040 3082 1100 3157 sed
1114 3081 1209 3174 quod
1230 3101 1326 3154 nunc
1340 3079 1482 3178 indigne
1497 3079 1712 3170 tractabant,

545 3183 580 3254 dc
599 3181 740 3272 insuper
759 3203 889 3252 carnem
902 3182 1092 3274 petebant,
1114 3199 1182 3270 qua
1195 3177 1339 3252 minime
1353 3176 1577 3274 indigebant,
1603 3197 1713 3273 quare

543 3274 728 3372 postulasse
756 3278 861 3347 cibum
890 3277 1054 3350 dicuntur
1079 3291 1139 3370 pro
1164 3275 1207 3346 od
1228 3279 1311 3348 tastu
1328 3272 1410 3370 suo,
1442 3275 1532 3350 vers.
1563 3277 1619 3349 18.
1669 3271 1713 3348 In

432 3375 437 3380 '
548 3372 668 3445 verbis
687 3371 774 3444 nihil
794 3370 865 3458 est,
892 3375 987 3464 quod
1003 3395 1117 3468 opera
1134 3393 1184 3446 no
1215 3394 1253 3446 ra
1274 3373 1427 3470 indiget3
1459 3371 1545 3447 nihil
1566 3391 1716 3462 quoque

546 3467 710 3559 obscuri,
749 3467 814 3542 nisi
840 3468 878 3544 in
904 3468 995 3544 vers.
1021 3491 1078 3562 25.
1102 3467 1228 3543 Panem
1242 3467 1388 3561 fortium
1408 3470 1468 3543 vel
1487 3468 1714 3564 principum,

546 3569 679 3642 comedit
700 3571 777 3655 vir,
807 3571 970 3640 viaticum
989 3565 1076 3662 mifit
1095 3564 1173 3662 ipsis
1194 3565 1440 3662 adfatiatotem.
1486 3563 1629 3654 Verba,
1651 3580 1714 3660 po·

547 3687 621 3738 nem
634 3662 780 3754 fortium
804 3668 936 3738 comedit
960 3672 1036 3754 nir,
1062 3663 1145 3758 quid
1165 3663 1228 3738 fibi
1254 3664 1388 3752 velint,
1419 3664 1454 3735 ἂ
1480 3685 1548 3756 qua
1575 3662 1717 3738 ratione

549 3761 726 3836 cohaereat
740 3763 874 3852 oratio,
898 3787 974 3838 non
993 3777 1065 3837 tam
1078 3763 1212 3835 clarum
1226 3757 1297 3848 est,
1322 3781 1424 3853 quam
1446 3759 1605 3836 videtur:
1630 3779 1715 3836 eunt

549 3859 646 3934 enim
674 3874 756 3933 ante
775 3860 810 3933 da
831 3859 909 3953 post
929 3861 1082 3947 dixerit,
1120 3859 1206 3930 dedit
1227 3855 1324 3952 r'pfis,
1353 3861 1444 3952 pluit
1470 3879 1592 3933 manna
1610 3857 1714 3950 super

549 3955 661 4048 ipsos,
682 3957 854 4032 viaticum
868 3957 959 4032 mifit
972 3955 1068 4050 ipsis,
1085 3954 1186 4029 nimia
1198 3955 1348 4047 abrupte
1365 3951 1533 4026 insertum
1548 3952 1716 4044 videtur,

544 4068 664 4146 panem
675 4045 968 4141 fortiumcomedit
983 4059 1053 4130 uir.
1099 4049 1242 4130 Possent
1253 4051 1365 4127 verba
1377 4044 1512 4122 censeri
1525 4047 1655 4125 inserta
1669 4050 1716 4122 ad
