3900 5117
495 488 572 599 eos
682 467 1562 640 cosrrnnuruurus¹

501 725 583 798 dans
604 724 700 795 robur
722 716 1009 816 &compassiones
1033 718 1159 795 solidas
1182 742 1225 794 ae
1244 720 1365 813 plenas
1387 714 1513 815 populo.
1562 717 1664 797 uena

501 822 602 894 didus
641 816 734 890 Deus
750 822 777 888 l.
793 817 915 891 Verba
935 818 1015 893 sunt
1031 836 1179 913 poetae,
1218 816 1279 889 Pl:
1299 817 1563 907 concludentis,
1589 822 1663 911 qui⁴
1686 895 1690 905 ,

499 918 592 1003 bus,
618 914 737 989 Deum
760 915 965 1005 adlocutus,
991 939 1036 989 ex
1055 915 1276 1009 superiorum
1293 936 1444 1007 operum
1464 914 1661 1011 ingratiam

446 1008 452 1021 ’
497 1011 686 1109 populisui
701 1012 1002 1102 confideraoone,
1025 1011 1138 1105 ipsum
1153 1012 1327 1097 celebrat,
1355 1026 1520 1099 tanquam
1546 1037 1659 1087 verm·
1690 1086 1693 1091 .

497 1112 592 1199 dum,
618 1108 752 1184 summa
775 1108 981 1201 Majestate',
1005 1110 1167 1201 potentia
1180 1108 1213 1179 de
1226 1107 1356 1202 gloria,
1378 1103 1599 1201 fulgentem,
1624 1112 1677 1187 dr,

496 1208 659 1282 omnibus
684 1208 922 1281 reverentiam
941 1205 1195 1292 mentientem,
1227 1201 1366 1295 seseque
1388 1202 1495 1276 talem
1508 1206 1662 1280 manife-

495 1302 648 1379 stantem
669 1329 685 1377 e
695 1302 897 1398 sanctuariis
921 1299 1010 1389 suis,
1031 1302 1102 1374 sive
1123 1303 1160 1373 in
1183 1315 1298 1389 terra,
1321 1315 1364 1372 ut
1375 1298 1471 1372 inter
1484 1299 1663 1380 israelitas

495 1395 641 1497 proprie
655 1400 779 1495 dictos,
804 1400 876 1471 live
895 1397 933 1473 in
947 1399 1073 1488 coelo,
1098 1416 1138 1474 ut
1152 1397 1214 1472 sub
1228 1396 1278 1471 N.
1292 1396 1367 1484 T.,
1394 1398 1523 1489 quique
1536 1397 1659 1479 Deum

494 1497 630 1572 Israelis
656 1496 725 1570 sese
750 1494 886 1591 praestat
912 1495 1048 1592 semper
1076 1498 1208 1569 eundem
1233 1494 1269 1567 &
1294 1493 1536 1569 invariabilem
1556 1511 1661 1593 popu-

495 1598 545 1682 lo,
569 1600 639 1667 κατ’
660 1592 767 1689 ἐξοχὴν
789 1593 834 1666 lie
848 1590 963 1685 ditio,
987 1594 1109 1669 Israeli
1123 1591 1287 1667 veteri&
1302 1612 1421 1679 novo,
1446 1591 1588 1668 dantem
1606 1619 1676 1677 ros,

494 1692 575 1780 bur,
615 1689 649 1763 de
666 1689 793 1787 solidas
812 1712 853 1763 ac
872 1690 1010 1787 copiosas
1030 1692 1277 1787 compartionem
1308 1687 1345 1762 in
1367 1711 1412 1762 eo
1432 1691 1663 1784 roborando,

493 1787 783 1881 multiplicando,
815 1788 980 1879 ditando,
1020 1786 1374 1874 &consummando;
1407 1786 1570 1882 adeoque
1587 1790 1665 1887 dig.

493 1906 600 1974 num,
616 1886 673 1959 eui
687 1885 867 1964 accinatur
886 1886 923 1959 in
940 1902 1177 1983 perpetuum,
1192 1885 1368 1958 benedictus
1375 1881 1424 1977 stt
1440 1883 1548 1960 Deus.
1559 1886 1661 1987 Qui·
1683 1964 1687 1969 ,

495 1985 561 2057 bus
577 2004 705 2058 verum
718 1984 915 2058 verborum
927 1982 1157 2078 conspertum
1170 1981 1207 2055 dr
1222 1981 1492 2075 amplitudinem
1500 1985 1656 2077 expoliri,

493 2081 585 2154 adeo
608 2095 648 2155 ut
663 2104 736 2155 uno
751 2082 913 2158 alterove
928 2081 1041 2156 defun
1067 2079 1210 2177 'posiim
1227 2078 1429 2155 observato.
1458 2102 1489 2155 1.
1505 2079 1659 2155 Primum

492 2176 565 2266 est,
591 2178 801 2255 continuum
823 2178 956 2255 institui
970 2180 1014 2253 ad
1027 2104 1149 2253 Ιξειιπι
1161 2177 1387 2272 adloquium,
1412 2176 1509 2252 secus
1525 2176 1656 2257 aevul·

492 2292 544 2369 go'
561 2286 717 2365 putatur.
767 2274 957 2351 Personam
986 2278 1082 2351 enim
1105 2276 1221 2350 subito
1243 2276 1392 2362 mutari,
1417 2275 1655 2351 communiter

491 2366 678 2459 censetur,
713 2370 802 2444 adeo
823 2386 863 2446 ut
883 2372 920 2445 in
938 2373 1120 2467 principio
1141 2372 1257 2449 sermo
1275 2373 1321 2449 ad
1339 2374 1455 2447 Deum
1469 2369 1651 2459 flectatur,

493 2464 553 2540 sed
571 2488 658 2541 mox
681 2467 725 2540 de
749 2466 833 2540 Deo
855 2464 926 2544 liat.
976 2469 1086 2569 Quod
1099 2493 1174 2547 non
1188 2471 1327 2547 neeesse
1342 2469 1413 2564 est,
1436 2467 1586 2543 &nimis
1596 2467 1654 2546 vi·

492 2562 597 2638 detur
621 2563 873 2654 desultorium,
896 2567 933 2640 in
951 2565 1023 2660 seq.
1046 2591 1138 2641 vero
1159 2590 1260 2661 aeque
1282 2584 1322 2641 ru
1343 2562 1657 2665 suppleri-potest,
1679 2609 1683 2613 Δ

481 2683 533 2737 uc
556 2661 591 2734 in
616 2663 732 2757 primo
755 2665 946 2753 membro,
973 2665 1036 2739 ubi
1056 2666 1143 2740 illud
1163 2663 1241 2740 fieri
1261 2666 1389 2755 debet,
1415 2664 1662 2759 fiadloquium

491 2760 536 2834 ad
548 2759 667 2834 Deum
682 2762 972 2849 continuet‚uti
985 2760 1101 2855 pallini
1114 2765 1322 2841 admittitur.
1368 2762 1549 2841 Audiendi
1563 2761 1661 2840 enim
1697 2810 1702 2817 ·

491 2880 567 2935 nou
589 2856 689 2945 sunt,
715 2858 776 2953 qui
790 2858 827 2932 in
845 2858 964 2953 primo
978 2884 1120 2951 quoque
1133 2864 1297 2932 membro
1310 2857 1466 2924 Israelem
1480 2855 1664 2945 supplent.

493 2954 690 3026 Sundtuariu
704 2956 798 3030 enim
813 2957 921 3052 longe
937 2952 1066 3025 remus
1080 2954 1150 3023 Dei
1157 2998 1169 3037 ,
1178 2970 1220 3023 ae
1235 2948 1387 3036 Israelis,
1398 2945 1567 3023 dicuntur
1576 2999 1589 3035 ‚
1599 2952 1661 3042 dt,

493 3049 538 3150 ad
560 3050 721 3125 lsraelem
737 3052 1072 3151 dirigi'sermonern,
1095 3048 1194 3123 nidlo
1207 3061 1309 3143 patet
1322 3045 1467 3121 indicio.
1511 3067 1545 3121 a.
1562 3047 1656 3127 Cum

491 3146 531 3220 in
558 3146 793 3242 superioribus
822 3149 960 3227 mentio
982 3147 1094 3224 fucrit
1124 3144 1216 3221 faeta
1234 3148 1372 3243 duplicis
1392 3144 1465 3219 Dei
1487 3142 1596 3235 sedis,
1620 3146 1673 3221 dt.

493 3245 531 3323 in
553 3247 732 3323 montibus
753 3248 846 3322 Sinai
867 3270 909 3322 ae
933 3246 1094 3336 Tfionis,
1118 3244 1212 3322 &in
1232 3245 1360 3337 coelo;
1381 3264 1551 3318 numerus
1565 3244 1659 3338 plur.⁴

356 3392 358 3397 a
484 3343 748 3440 sanlluoriorum
769 3343 841 3417 Dei
854 3368 981 3421 verum
996 3346 1096 3422 suum
1111 3342 1343 3442 significatum
1356 3342 1512 3419 retinere
1527 3342 1669 3431 debet,

492 3462 562 3517 uec
584 3439 628 3511 de
636 3439 824 3535 fiandrurio
886 3442 1163 3520 rexcellentiam
1177 3442 1344 3541 intelligi:
1370 3460 1411 3516 ut
1424 3438 1528 3514 sacile
1541 3452 1656 3533 patet.

494 3564 528 3635 3.
544 3536 686 3625 Voces,
719 3535 824 3636 Deus.
854 3546 968 3616 sraelis
982 3538 1069 3637 ipse,
1104 3540 1222 3637 seeum
1237 3536 1593 3626 suntconstruendae,
1607 3535 1654 3620 δε,

494 3656 558 3729 per
579 3634 712 3732 ellipsin
731 3639 951 3732 pronominis
975 3667 1040 3715 nne
1055 3654 1093 3711 ru
1114 3636 1333 3735 supplenda:
1366 3636 1542 3731 duplicem
1564 3654 1667 3707 vero

495 3730 650 3809 fundunt
665 3734 819 3821 senstrm,
830 3732 949 3812 Deum
961 3736 1094 3809 scilieet
1106 3732 1242 3809 Israelis
1256 3756 1340 3811 eum
1356 3732 1552 3813 ellesmot
1567 3728 1659 3824 sem:-

493 3851 558 3927 per
574 3832 726 3925 eundern
742 3833 1035 3928 &invariabilem
1041 3884 1054 3923 ,
1080 3856 1151 3904 cum
1167 3832 1329 3919 Veteris,
1345 3846 1424 3905 rum
1436 3829 1536 3904 Novi
1548 3828 1655 3903 Israe-

492 3931 545 4007 li's.
598 3926 715 4029 Quem
737 3934 950 4027 potestatem
962 3933 1072 4013 etiam
1083 3928 1167 4007 alibi
1180 3930 1290 4007 habet
1303 3946 1356 3999 κιπ
1370 3954 1412 4018 α,
1439 3925 1491 4002 uti
1503 3922 1556 4003 Pl.
1572 3949 1612 4001 cr
1622 3947 1654 4099 ἔς
1694 3939 1698 3947 ’

1597 4044 1655 4101 a.

533 4152 555 4201 o
576 4132 651 4201 Vid.
669 4138 709 4203 ad
722 4137 770 4205 Ps.
785 4156 875 4209 xatv:
888 4160 920 4225 3.
1599 4204 1605 4215 ,
