3900 5117
531 560 579 653 96
703 544 1510 633 COMMENTARIUS

531 768 571 829 to
602 752 808 841 nobiliore,
871 749 973 826 otest.
1029 749 1107 826 Coeii
1129 752 1225 828 enim
1246 750 1348 847 super
1368 749 1439 824 hoc
1460 764 1582 829 monte
1604 758 1697 835 reete

439 884 441 889 ·
528 849 718 925 censentur
731 774 892 945 fimaffpe’
925 863 1096 943 quatenus
1120 848 1219 923 Deus
1273 871 1304 922 1.
1329 847 1493 923 favorem
1516 848 1693 945 suum,&

525 948 753 1046 omnigenam
776 944 1082 1037 benedidionem,
1112 945 1247 1041 populo
1268 945 1326 1016 hic
1349 944 1525 1039 promisit,
1561 951 1694 1028 foedere
1806 1000 1809 1007 -

525 1066 610 1121 cum
631 1046 764 1143 magnis
791 1042 959 1138 promiffis
974 1066 1056 1119 cum
1070 1044 1146 1139 ipso
1161 1040 1282 1136 paim,
1305 1041 1398 1115 unde
1412 1044 1527 1119 omnis
1544 1047 1693 1127 felicitas

524 1142 569 1217 ad
586 1145 760 1237 populum
773 1142 941 1217 manavit.
984 1163 1017 1215 a.
1040 1143 1141 1235 legem
1156 1138 1200 1212 de
1214 1138 1284 1212 hoc
1298 1154 1420 1213 monte
1435 1146 1694 1242 promulgavit,

523 1239 751 1335 &populum
774 1238 898 1313 docuit
921 1238 1015 1311 viam
1033 1236 1078 1308 ad
1100 1234 1326 1324 felicitatem3
1355 1234 1455 1309 simul
1476 1258 1540 1331 per
1563 1242 1694 1321 Mosen

513 1339 641 1417 omnia
655 1336 698 1411 ad
712 1337 921 1434 religionem
936 1332 972 1405 u
985 1332 1167 1409 civitatem
1182 1328 1410 1406 ordinandam
1424 1332 1556 1411 docuit.
1582 1336 1693 1439 Quod

519 1432 559 1515 in
578 1435 704 1530 script.
728 1434 817 1510 solet
838 1431 951 1506 verbo
971 1430 1042 1505 hoc
1066 1456 1119 1530 ¹pur
1131 1427 1282 1523 stillare,
1308 1444 1348 1501 ut
1366 1427 1467 1523 supra
1482 1432 1689 1529 observavi,
1776 1448 1780 1454 ’

523 1530 720 1631 significari.
777 1529 939 1602 Tremoris
961 1526 1106 1621 itaque,
1127 1525 1236 1601 modo
1259 1526 1366 1601 etiam
1387 1532 1595 1623 memorati,
1616 1557 1692 1613 non

520 1643 617 1718 tam,
649 1650 752 1722 quam
766 1624 964 1720 stitutionis
978 1625 1144 1699 calorum
1158 1624 1249 1699 ratio
1263 1623 1423 1700 habenda
1436 1624 1510 1717 est,
1530 1630 1690 1725 respedu

519 1724 618 1802 Sinai
624 1749 640 1814 ,·
662 1721 960 1818 quemadmodum
982 1720 1064 1817 Jud.
1085 1744 1120 1796 v:
1142 1742 1177 1813 5.
1199 1720 1307 1797 etiam
1321 1722 1513 1816 indicatur,
1538 1730 1600 1802 ubi
1613 1750 1689 1805 uno

517 1837 645 1997 ignore
667 1821 823 1921 legitur,
860 1833 982 1893 montes
1000 1816 1205 1916 fluxerunt,
1244 1842 1362 1896 cotom·
1374 1816 1475 1915 Deo,
1516 1826 1567 1900 hic
1590 1826 1689 1903 Sinai

554 1943 586 1997 c·
664 1961 670 1974 ι

522 2080 525 2085 .
565 2025 599 2113 §-
613 2015 743 2095 XXIV.
769 2018 1018 2117 Inquiramus,
1045 2014 1179 2109 restat,
1207 2016 1244 2095 in
1256 2015 1391 2117 fiopum
1412 2019 1541 2101 horum
1560 2027 1687 2102 verbo
1785 2086 1790 2093 .

515 2140 619 2208 rum,
640 2116 806 2213 quorsum
821 2118 978 2194 tendant.
1013 2114 1145 2207 Poeta,
1164 2114 1368 2193 illustriores
1381 2121 1549 2213 periodos
1562 2124 1686 2199 libera

516 2217 624 2291 tionis
640 2215 766 2312 populi
781 2215 817 2290 δι
832 2213 1073 2312 prosperitatis
1087 2212 1339 2305 recensitorus,
1349 2231 1390 2290 ut
1403 2216 1525 2312 spiritu
1533 2220 1686 2315 prophe-

515 2313 591 2389 tico
612 2311 735 2388 dusius
755 2312 841 2389 facit
866 2314 902 2387 in
926 2312 1011 2406 seq.,
1031 2309 1257 2409 magnificum
1279 2310 1349 2384 Dei
1370 2313 1541 2410 incessum
1563 2337 1683 2392 coram

514 2411 651 2507 populo
671 2433 737 2506 per
757 2409 984 2487 solitudinem
1011 2408 1178 2499 Arabiae,
1210 2429 1293 2483 cum
1319 2401 1393 2501 ejus
1419 2408 1445 2481 fi
1469 2410 1525 2483 nis
1550 2432 1682 2487 conco·

516 2508 725 2585 mitandbus
744 2508 778 2582 δι
798 2504 953 2596 effestis,
981 2504 1143 2603 praemisit
1190 2536 1225 2579 a.
1246 2519 1412 2599 tanquam
1448 2519 1630 2583 uturatum
1644 2509 1685 2581 li-

513 2607 738 2684 berationum
752 2605 881 2701 &pros
907 2604 1072 2678 eritatum
1086 2601 1248 2678 omnium
1254 2598 1512 2694 fundamentum
1525 2602 1571 2689 δ’
1585 2610 1685 2702 origi·

512 2728 613 2796 nun,-
641 2704 801 2797 adeoque
822 2702 858 2777 u
868 2627 942 2799 filei
962 2722 1003 2775 ac
1024 2692 1288 2811 exspeiiationis
1315 2700 1439 2796 populi
1459 2701 1684 2797 principium.

512 2801 585 2903 Qui
606 2822 711 2879 verus
735 2799 787 2875 est
808 2798 1039 2876 redemtionis
1059 2798 1182 2892 populi
1202 2817 1223 2868 e
1245 2795 1416 2877 servitute
1436 2797 1683 2895 Aegyptiam,

514 2922 599 2977 curn
623 2900 885 3001 Aegyptiorum
906 2894 1091 2990 multiplici
1113 2892 1232 2983 clade,
1259 2891 1595 2970 &manifestationis
1609 2896 1685 2974 Dei

512 2995 551 3071 in
564 3013 688 3071 monte
702 2997 815 3086 Sinai,
845 2991 1059 3089 conspetius.
1107 2989 1284 3086 Populum
1301 2989 1395 3065 enim
1409 2988 1474 3064 hac
1489 2992 1627 3068 ratione
1640 2992 1681 3069 Ii-

513 3091 551 3167 bi
573 3090 744 3181 adseruit,
771 3091 883 3167 foedus
897 3112 981 3167 curn
993 3112 1039 3165 eo
1052 3103 1137 3163 tunc
1152 3086 1305 3260 pepifret,
1328 3086 1362 3160 &
1377 3084 1447 3163 sese
1462 3090 1605 3185 publice
1620 3091 1680 3166 de·

512 3187 660 3263 claravit
675 3190 751 3283 ejus
764 3189 963 3281 vindicem,
985 3202 1162 3277 tutorem,
1185 3184 1221 3259 δι
1271 3188 1470 3277 τναῑοτειηξ
1484 3185 1680 3287 magnificis

512 3286 664 3381 denique
685 3285 851 3382 promissis
871 3286 942 3363 sese
964 3288 1000 3361 ei
1019 3282 1215 3362 obstrinxit.
1275 3280 1365 3383 Quae
1391 3284 1511 3359 omnia
1535 3286 1682 3364 notiora

512 3384 614 3474 sunt,
635 3403 738 3479 quam
758 3398 800 3460 ut
819 3407 885 3461 nos
906 3384 1100 3461 detineant.
1149 3381 1239 3483 Quae
1253 3382 1360 3457 etiam
1373 3380 1464 3458 ratio
1477 3380 1550 3473 est,
1571 3406 1681 3479 quare
1821 3430 1824 3434 -

511 3483 555 3559 ad
575 3482 645 3558 hoc
668 3481 815 3575 capitale
837 3481 872 3555 dt
891 3484 946 3558 ori
970 3483 1061 3557 inale
1084 3477 1299 3558 beneficium
1328 3480 1458 3576 ubique
1486 3481 1679 3583 provocari

510 3580 621 3658 soleat
635 3580 672 3657 in
693 3578 876 3676 precibus,
899 3578 935 3654 a
986 3602 1048 3655 eus
1060 3577 1132 3675 ipse
1147 3578 1234 3655 illud
1248 3578 1357 3654 citare
1376 3577 1505 3673 ubique
1519 3577 1679 3656 introdu-

511 3674 1680 3875 tliitstbldsaulttattltlltffldebilitas

510 3871 712 4041 vultepoeta
726 3874 821 3950 hunc
834 3832 969 3966 antiqui
986 3798 1155 3967 remgoris
1169 3871 1307 3962 casum,
1321 3830 1416 3968 quod
1428 3832 1510 3949 eum
1526 3871 1679 3969 superio·

509 3969 540 4042 ri
554 3991 591 4045 ar
625 3988 645 4041 e
661 3967 836 4060 cohaeret,
850 3988 1014 4067 tanquam
1022 3966 1155 4065 figarum
1169 3968 1391 4062 sequentium
1405 3969 1677 4060 liberationum,

508 4066 665 4159 inprimis
693 4064 877 4156 illustrium
905 4064 1276 4164 &·miraeulosarum,
1305 4066 1421 4159 quales
1442 4088 1528 4143 mox
1548 4068 1679 4241 inoffi
