3900 5117
541 555 613 633 xor
727 483 1536 647 courrnurnnrus

541 752 693 833 maxime
708 748 886 835 intentus,
912 745 950 819 in
962 744 1078 841 specie
1092 743 1312 839 subiunrerit
1325 746 1502 822 modum&
1515 751 1620 826 media
1632 750 1715 833 ulti·

540 874 607 928 mae
628 846 721 920 istius
743 844 984 933 liberationis,
1011 843 1046 917 δι
1068 842 1221 922 hostium
1241 842 1487 940 prostrationis
1506 872 1570 943 per
1585 851 1706 939 heroas

537 945 664 1043 populi
685 943 810 1037 Judaei.
861 940 953 1041 Quae
969 942 1192 1039 hypothefis,
1218 942 1307 1019 ficut
1321 947 1427 1019 nexui
1443 944 1615 1023 sennonis
1628 968 1707 1045 apte

536 1042 752 1139 respondet,
767 1042 816 1116 ita
830 1038 899 1113 sese
914 1042 1144 1117 commendat
1157 1040 1320 1137 insuper,
1350 1064 1381 1115 r.
1392 1044 1489 1135 quod
1503 1048 1710 1137 promissirm

536 1143 582 1215 de
598 1141 809 1215 liberatione
823 1160 844 1211 e
860 1138 947 1213 mari
961 1139 1130 1213 aestuante
1144 1162 1306 1234 quoque,
1322 1139 1357 1211 dc
1370 1140 1552 1233 proxime,
1563 1166 1711 1235 praeces·

535 1236 644 1314 serit:
677 1236 773 1313 unde
793 1237 1033 1335 colligendum
1051 1238 1223 1323 videtur,
1254 1254 1334 1310 eam
1354 1238 1391 1310 in
1412 1237 1533 1331 primis
1554 1240 1711 1324 hostium

533 1334 670 1410 caedem
691 1336 749 1409 hic
770 1334 940 1433 depingi,
973 1358 1050 1431 quae
1071 1346 1153 1409 curn
1176 1333 1299 1407 ultima
1319 1334 1380 1405 illa
1403 1334 1615 1411 liberatione
1634 1339 1711 1418 fuit

534 1430 736 1527 coniundla.
778 1456 812 1511 a.
827 1432 954 1529 quod,
988 1454 1070 1506 cum
1090 1434 1206 1527 popula·
1225 1428 1339 1524 Judaei
1370 1432 1500 1525 pedes,
1538 1433 1575 1507 dr
1596 1459 1707 1514 eorum

530 1550 662 1627 canes,
689 1530 846 1627 exprelle
861 1540 1130 1618 memorentur,
1150 1542 1317 1623 tanquam
1331 1525 1536 1627 sanguinem
1549 1530 1708 1617 hostium

535 1627 714 1719 hausturi,
751 1628 853 1704 scena
875 1630 951 1701 haec
972 1629 1008 1701 in
1031 1625 1104 1739 ipsa
1124 1638 1220 1699 terra
1239 1622 1412 1702 Cananaea
1432 1628 1707 1722 repraesentetur

536 1724 650 1819 fatltu
676 1726 713 1802 in
735 1750 802 1821 qua
820 1726 955 1823 sanguis
975 1721 1129 1798 hostium
1142 1720 1254 1798 fuerit
1267 1722 1376 1798 fussrs.
1409 1748 1443 1819 3.
1457 1727 1554 1819 quod
1569 1729 1606 1802 in
1623 1746 1706 1803 can·

534 1825 611 1900 tico
633 1826 853 1921 triumphali,
877 1818 967 1896 veri
993 1824 1073 1912 28,
1098 1822 1227 1895 heroes
1246 1821 1296 1893 illi
1312 1820 1493 1917 speciatim
1516 1823 1551 1895 dt
1565 1843 1708 1919 expres·

535 1922 572 1997 se
587 1922 836 2012 celebrentur,
851 1936 1018 2014 tanquam
1035 1921 1209 1992 calcatores
1223 1917 1259 1991 dc
1273 1920 1469 2015 lapidatores
1482 1918 1617 2012 bustim
1624 1947 1641 2012 ,·
1667 1936 1710 2001 ut

535 2043 625 2101 mox
658 2021 852 2117 adparebit.
890 2042 924 2110 4.
939 2017 1114 2113 denique,
1154 2015 1251 2110 quod
1262 2016 1425 2115 sanguis,
1464 2016 1557 2111 pede
1578 2019 1708 2115 populi

535 2116 630 2206 Dei,
647 2119 813 2219 &lingua
827 2138 955 2193 canum
969 2111 1389 2209 ejus‚hauriendus,non
1404 2129 1544 2189 tantum
1558 2116 1595 2190 de
1611 2116 1706 2212 bostr-

446 2276 449 2283 .
534 2218 596 2289 lus
617 2215 755 2293 dicatur
775 2216 954 2306 fluxurus,
990 2212 1109 2288 sedin
1129 2211 1245 2307 specie
1267 2210 1440 2303 addatur,
1478 2216 1516 2285 de
1534 2212 1600 2311 ipso
1624 2220 1704 2290 illo·-

534 2332 610 2404 quo
632 2336 741 2389 manu
761 2312 855 2408 quasr
876 2313 1040 2389 ducimur
1060 2310 1103 2384 ad
1124 2310 1225 2385 illum
1240 2311 1370 2387 ultimo
1387 2318 1641 2400 memoratum,
1665 2400 1671 2411 ,

534 2410 700 2495 omnium
720 2408 939 2487 saviffimum
960 2406 1127 2498 hostem,
1166 2406 1228 2483 seu
1255 2432 1318 2506 gra
1345 2422 1466 2481 omrem
1495 2410 1533 2484 in
1559 2412 1699 2484 reatibus

523 2504 624 2605 luis,
648 2515 796 2606 acupile
819 2506 955 2603 bostium
974 2507 1010 2581 dt
1025 2511 1150 2581 amice
1160 2504 1262 2604 piloso
1277 2504 1311 2580 di
1345 2506 1353 2522 '
1381 2504 1495 2598 dlum3
1522 2515 1702 2607 argumen-

535 2618 605 2697 to,
635 2606 747 2683 modo
779 2605 870 2682 dicta
890 2604 934 2681 de
956 2603 1047 2702 pede
1067 2604 1102 2678 ἃ
1120 2603 1239 2703 lingua
1257 2604 1423 2681 srtulante
1455 2606 1493 2680 in
1517 2604 1633 2701 specie
1662 2602 1706 2681 ad

534 2704 620 2781 eum
642 2704 712 2779 effe
729 2704 931 2783 referenda,
980 2702 1142 2797 Uterque
1155 2700 1386 2797 conspectus,
1407 2722 1514 2797 quem
1534 2702 1706 2799 expoliti,

533 2820 619 2878 cum
631 2803 782 2892 habeat,
807 2822 881 2896 quo
896 2800 968 2875 sese
980 2816 1142 2887 tueatur,
1160 2794 1255 2871 reete
1268 2800 1561 2897 conjungemur
1575 2802 1636 2877 hic
1650 2803 1707 2877 ad·

534 2896 712 2991 mittitur;
737 2900 888 2975 maxime
912 2917 996 2970 cum
1006 2892 1150 2991 sanguis
1163 2888 1298 2985 hostiam
1311 2896 1348 2965 in
1363 2915 1494 2987 genere
1508 2898 1618 2985 eriam
1631 2912 1707 2975 me·

534 3012 725 3081 moretur,
747 2996 783 3067 dr
795 2997 832 3067 ln
847 2991 1132 3087 precedentibus
1147 2986 1261 3064 clades
1275 3008 1403 3062 eorum
1418 2989 1602 3075 omnium,
1617 2992 1706 3075 cum

524 3082 751 3163 'liberatione
767 3090 950 3183 populien
963 3110 1091 3165 eorum
1106 3085 1304 3184 potestate,
1328 3084 1553 3183 praecellerit.
1579 3088 1706 3170 Verba
1858 3156 1860 3165 .

536 3184 655 3358 {raptae
674 3182 793 3360 ngstra
812 3185 861 3301 ita
876 3186 1047 3360 viffientur
1068 3186 1280 3283 exponenda
1293 3236 1323 3301 ’.
1343 3199 1388 3359 ui
1406 3183 1460 3302 ad⁸
1474 3208 1602 3305 omnes
1622 3190 1706 3309 illos

519 3284 1709 3499 :a,tastuatsnstustffrusuttutt}

520 3500 607 3567 ,nec
621 3482 665 3556 de
679 3483 935 3579 rmplemento,
961 3483 1039 3560 satis
1054 3499 1166 3575 noto,
1190 3480 1321 3577 aquurd
1335 3486 1506 3564 addimus.
1550 3559 1556 3569 ,
1678 3495 1684 3510 “

585 3586 617 3676 §.
640 3579 802 3659 LXXIV.
847 3612 876 3661 a.
898 3581 1062 3661 Hostium
1082 3582 1243 3659 omnium
1258 3582 1518 3669 debellatione,
1544 3582 1643 3679 &po
1668 3590 1705 3661 u-

536 3674 732 3777 ligloriosa
744 3683 975 3773 hberatione,
999 3703 1040 3759 ae
1054 3678 1247 3777 pleniiiima
1260 3679 1532 3768 instauratione,
1547 3678 1628 3775 depi
1688 3703 1707 3774 ς

536 3796 667 3873 poeta,
693 3798 734 3859 ut
755 3798 857 3860 antea
878 3802 1022 3878 quoque
1036 3778 1193 3868 fecerat,
1219 3776 1392 3875 populum
1406 3776 1604 3856 introducit
1620 3782 1704 3857 cho-

535 3876 607 3951 reis
629 3879 664 3953 &
684 3884 828 3959 canticis
844 3880 988 3973 Deum,
1011 3876 1270 3955 illustriffimum
1283 3872 1385 3950 suum
1400 3872 1548 3967 ducem,
1573 3878 1703 3977 glorio·
1832 3939 1846 3953 ,-

535 3975 575 4053 so
598 3978 632 4055 &
653 3980 953 4075 triumphabundo
976 3972 1110 4059 incess‘u
1131 3974 1279 4057 sanetum
1296 3972 1392 4050 suam
1407 3972 1526 4052 sedem
1539 3982 1704 4073 repeten-

534 4093 633 4168 tem,
657 4076 935 4173 prosequentem
948 4103 990 4157 ac
1006 4080 1272 4170 celebrantem,
1296 4068 1390 4154 vers·
1406 4076 1541 4172 25··3⁶·
1582 4076 1702 4181 1⁰⁹⁰?
1858 4106 1860 4181 j

1610 4184 1704 4269 pert·
