3900 5117
1146 136 1237 143 ““““““
1240 136 1892 159 *W

504 566 568 621 en
640 542 822 635 ese
867 540 902 620 L
945 540 1019 631 M.
1072 545 1211 632 tuor.
1381 464 1513 675 597⁰,¹

284 751 371 837 bos,
396 744 453 820 alii
473 743 680 828 buccinam,
704 740 969 832 aliicitharam,
994 742 1060 816 alii·
1073 759 1258 841 tympana,
1283 748 1339 821 alii
1356 771 1450 847 cym.

285 847 364 921 bala
383 841 565 926 curarint,
606 860 621 910 1
645 836 776 911 chron.
799 862 857 912 xv:
882 860 937 929 15.
993 839 1110 939 'Quale
1135 859 1254 919 autem
1281 866 1450 941 organum

285 942 457 1019 musteum
470 959 532 1031 per
549 931 791 1028 Schoselennz'm
807 936 1035 1028 indigitetur,
1050 936 1223 1015 difficilius
1235 940 1452 1017 fortedeter·

286 1040 455 1117 minatur.
502 1034 561 1125 De
581 1030 773 1123 quoadPs.
788 1052 871 1103 xiv.
893 1032 1050 1123 exposui.
1087 1081 1089 1085 ν
1204 1110 1207 1117 ,

335 1138 368 1223 §.
389 1131 434 1205 V.
483 1128 553 1203 Sed
572 1127 617 1214 ad
636 1129 721 1217 alia,
745 1150 820 1219 quae
842 1149 908 1200 nos
929 1128 1035 1220 paulo
1049 1126 1194 1223 prepius
1208 1134 1246 1210 in
1261 1136 1384 1213 Psalmi
1397 1139 1450 1213 in·

285 1228 464 1306 telettum
485 1226 644 1312 ducunt,
686 1246 927 1317 properamus.
985 1222 1223 1299 Remetieribus
1247 1235 1340 1309 enim
1367 1258 1450 1328 pro·

283 1321 579 1424 legemenis,quai
594 1322 769 1412 aalinem,
781 1334 904 1415 tempus
911 1368 923 1406 ,
924 1316 1071 1410 ferment
1085 1320 1135 1394 Ps.
1152 1332 1339 1401 exteriorem
1354 1352 1450 1405 com·

282 1421 528 1520 prehendunt,
553 1416 737 1506 absolutis,
753 1423 905 1513 propiora
920 1415 998 1489 sunt
1013 1417 1049 1491 in
1063 1417 1180 1521 lucem
1194 1426 1450 1517 protrahenda,

224 1595 226 1598 ,
284 1543 365 1615 quae.
379 1540 463 1594 cum
484 1514 536 1597 Ps.
550 1512 731 1591 intellettu
747 1515 907 1609 proxime
922 1513 1120 1604 coherent,
1147 1517 1179 1589 lit
1196 1518 1239 1593 ad
1256 1540 1338 1595 eum
1353 1522 1448 1600 viam

281 1615 415 1691 dirette
435 1612 617 1687 sternunt:
643 1636 718 1705 que
740 1610 784 1684 ad
805 1612 983 1683 methodum
1006 1612 1206 1701 verbalem,
1242 1616 1276 1687 δι
1296 1618 1448 1708 realem,

284 1704 354 1808 qua
373 1708 684 1808 argumentuml’s.
698 1708 751 1782 est
763 1703 1033 1802 perti-attatum,
1057 1706 1308 1805 &hypotbefim
1324 1735 1367 1785 ex
1381 1738 1448 1808 qua

285 1808 512 1904 explicandus
529 1804 599 1894 est,
625 1805 753 1879 referri
767 1802 919 1897 possunt.
951 1801 1008 1875 De
1023 1808 1148 1879 verbali
1165 1808 1354 1897 methodo,
1370 1834 1447 1903 quae
1510 1890 1512 1898 Α

274 1906 401 2004 stylum
420 1904 526 1991 dicit,
552 1903 609 1976 bic
630 1902 718 1975 nihil
730 1900 828 1995 aliud,
838 1901 1084 1991 observamus,
1110 1924 1212 1995 quam
1225 1903 1314 1997 stylo
1319 1904 1448 2002 suppli-
1539 1992 1541 1998 Ι

281 2009 401 2078 cetero
414 2001 450 2071 ἃ
458 1998 562 2084 facili
575 1998 747 2074 Psalmum
764 1996 832 2069 esse
847 1997 1098 2090 compositum:
1112 2006 1280 2092 petitiones
1294 2002 1376 2077 Deo
1391 2026 1444 2077 re·

179 2109 191 2137 ¹
281 2098 535 2195 presentantur
555 2094 647 2190 stylo
667 2117 736 2170 nec
749 2096 922 2186 abrupto,
947 2114 1016 2167 nec
1029 2091 1186 2186 sublimi,
1211 2114 1254 2171 ut
1266 2100 1446 2195 prophetis

282 2195 344 2267 vel
364 2190 533 2265 ecstaticis
556 2192 647 2288 saepe
675 2193 713 2265 in
732 2191 796 2265 usu
817 2188 897 2280 est,
923 2188 983 2264 sed
1002 2191 1129 2283 plano,
1157 2194 1321 2289 etsi-aptis
1335 2212 1445 2273 meta·

281 2290 429 2388 phoris,
452 2303 617 2383 tanquam
629 2290 842 2376 luminibus,
865 2308 941 2362 non
960 2284 1145 2363 destituto:
1172 2290 1321 2383 deinde,
1336 2292 1444 2387 stylus

281 2383 1442 2484 animumsupplicem,sensumalorumvividissrnetattum,spirat.

282 2483 375 2581 Quae
397 2503 440 2554 ex
454 2482 527 2577 ipsa-
538 2482 773 2577 explicatione
786 2479 874 2557 sient
886 2480 1078 2559 manifesta.
1100 2480 1216 2559 Realis
1231 2488 1443 2581 methodus,

282 2582 321 2654 in
341 2575 468 2674 amlpfi
496 2578 580 2667 fita,
605 2577 729 2673 sponte
750 2577 821 2653 sese
843 2580 881 2654 in
900 2580 1025 2653 oculos
1047 2580 1189 2676 ingerit.
1239 2582 1329 2661 Cum
1345 2588 1440 2660 enim

283 2676 419 2749 eaedem
445 2675 637 2767 petitiones
654 2676 778 2751 iisdem
797 2676 943 2751 vocibus
965 2690 1022 2751 ter
1047 2677 1327 2770 concludantur,
1351 2680 1441 2757 vers.
1521 2688 1525 2695 “

181 2810 183 2814 >
282 2796 320 2865 4,
338 2776 371 2861 8,
387 2793 445 2844 20.
470 2769 582 2846 Reduc
594 2796 670 2863 nos,
685 2772 802 2862 Deus,
815 2777 921 2846 luceat
928 2771 1039 2861 faciet
1056 2788 1136 2862 tua,
1163 2774 1441 2868 &ferocissimum

281 2872 320 2944 in
342 2884 415 2942 tres
435 2885 553 2962 partes
571 2868 723 2946 Psalmus
744 2868 814 2943 sese
835 2868 1001 2941 facillime
1022 2867 1168 2955 dividit,
1202 2890 1280 2958 quae
1301 2872 1441 2947 easdem
1466 2902 1467 2907 Ν

279 2986 432 3061 preces,
459 2988 541 3041 cum
553 2968 676 3081 infigrri
691 2966 908 3052 variatione,
923 2962 1128 3037 continent.
1158 2960 1276 3035 Prine
1292 2964 1335 3037 ad
1349 2964 1439 3041 vers.

237 3132 241 3140 .
279 3084 316 3152 4.
341 3084 448 3152 opem
469 3064 506 3136 δι
531 3068 699 3140 auxilium
712 3064 784 3138 Dei
797 3062 843 3137 ad
852 3058 1014 3135 Ecclesiae
1029 3057 1273 3135 liberationem
1275 3063 1439 3231 peuerell

279 3152 392 3253 phrasi
412 3156 613 3247 simpliciter
634 3162 813 3253 inploret.
869 3158 1015 3233 Secttnde
1035 3156 1079 3231 ad
1106 3156 1201 3231 vers.
1221 3160 1252 3233 8.
1289 3159 1440 3253 upplica·

280 3254 417 3331 tionem
440 3250 628 3344 gravissima
647 3258 784 3331 ratione
806 3254 1011 3343 confirmat,
1036 3254 1223 3348 auxiliique
1248 3254 1358 3331 divim
1378 3278 1440 3333 ne·

251 3383 259 3390 ·
280 3348 471 3426 cessitatem
483 3365 526 3415 ex
539 3344 753 3423 afflitliffimae
768 3352 931 3423 Ecclesiae
946 3351 1039 3427 statu
1052 3349 1286 3443 demonstrat,
1308 3367 1350 3427 ut
1362 3352 1438 3426 Nu-

280 3469 366 3526 men
392 3436 670 3537 benignissimum
696 3443 742 3515 ad
760 3446 1031 3523 misericordiam
1051 3446 1262 3523 sietieretur.
1323 3448 1438 3519 Tertia

279 3544 363 3622 inde
385 3540 428 3613 ad
448 3535 555 3611 finem
575 3536 671 3611 idem
684 3536 813 3615 fortius
827 3543 1026 3637 adstringit,
1052 3566 1095 3617 ex
1110 3545 1372 3638 comparatione
1386 3542 1438 3617 in·

279 3654 336 3718 ter
349 3634 530 3734 pristinam
541 3633 771 3730 felicitatem,
791 3636 908 3711 aDeo
920 3640 1069 3731 gratuite
1084 3637 1339 3725 concessam&
1353 3662 1438 3733 prte-

279 3737 417 3813 sentem
435 3731 687 3823 calamitatem,
716 3732 894 3822 instituta3
925 3748 964 3805 ut
987 3730 1173 3835 superioris
1191 3736 1358 3827 temporis
1378 3739 1439 3810 be·

282 3829 429 3920 neficia,
456 3830 582 3922 quibus
606 3828 707 3905 Deus
724 3830 795 3905 sese
817 3828 909 3925 quasi
927 3826 1162 3903 obstrinxerat
1183 3829 1363 3922 Ecclesiae,
1391 3854 1437 3909 ne

282 3927 409 4003 frustra
430 3925 637 4001 viderentur
651 3928 799 4017 collata,
822 3927 959 4002 &male
975 3925 1166 4013 collocata,
1191 3924 1309 4007 Deum
1321 3929 1364 4003 ad
1379 3951 1437 4005 ec.

283 4021 420 4101 cleliam
439 4022 683 4107 vindicandam
704 4022 1085 4197 quaercffnkpellerent·
1143 4020 1243 4107 Num
1264 4047 1353 4103 vcro
1372 4027 1439 4108 111ae

347 4177 351 4184 .
520 4153 522 4156 ·
919 4143 941 4218 3
1364 4146 1439 4221 paf-
