3900 5117
518 570 596 647 ,40
688 510 1507 617 commentantes

526 749 626 832 sensu
648 741 782 819 Dauidi
801 732 1050 823 conveniunt,
1086 742 1168 805 cum
1184 745 1230 800 eo
1247 722 1419 808 tendant,
1445 740 1492 795 ne
1508 729 1705 824 morieturg

528 850 587 929 sed
606 838 801 929 indiredio,
832 856 873 909 ac
895 833 1047 909 maxime
1061 824 1286 924 emphatico,
1312 819 1414 894 sensu
1428 817 1592 916 Merfiae,
1615 851 1698 923 qua.

526 962 628 1023 tenus
653 939 841 1016 continent
862 932 1111 1008 liberationem
1134 949 1154 999 a
1175 920 1409 1019 pellionibus,
1446 919 1618 998 &morte
1632 949 1702 1021 per

528 1038 820 1125 resurrectionem
840 1054 882 1105 ac
896 1031 1166 1114 exaltationem
1192 1019 1354 1117 adeoque
1370 1038 1417 1090 ne
1433 1018 1647 1111 pellionibus
1661 1025 1700 1101 dt

522 1157 641 1222 morte
667 1138 821 1211 intereat
838 1154 851 1218 ς
882 1149 994 1221 eaque
1016 1126 1153 1199 ratione
1170 1136 1290 1219 peteres
1311 1138 1411 1191 oram
1436 1116 1532 1193 liram
1547 1116 1702 1198 firmiter

524 1238 674 1331 accipiat
693 1234 874 1327 religatam
894 1226 997 1319 super
1016 1222 1108 1317 ipso:
1141 1221 1236 1317 quod
1251 1215 1377 1305 fieret,
1402 1212 1427 1285 fi
1449 1216 1561 1288 morti
1581 1242 1704 1293 mane·
1746 1243 1750 1249 ·

522 1337 580 1413 r'et
600 1333 807 1410 obnoxius‘
838 1325 996 1397 Pluribus
1018 1322 1061 1394 ad
1083 1316 1303 1395 intelleelum
1327 1335 1422 1411 opus
1436 1311 1594 1389 nonest:
1619 1340 1705 1401 nam

523 1435 569 1511 de
586 1426 783 1505 vocibus&
804 1420 982 1517 phrasibus
1007 1417 1108 1514 supra
1128 1419 1172 1491 ad
1192 1414 1284 1491 vers.
1301 1440 1334 1510 3.
1362 1413 1509 1513 egimus.

571 1536 604 1623 §.
621 1528 766 1599 xxxu.
816 1523 852 1607 β.
879 1514 1043 1610 Posterior
1063 1515 1250 1604 articulus,
1274 1536 1346 1610 quo
1361 1534 1486 1607 preces
1501 1533 1584 1589 cum
1601 1535 1701 1593 nova

524 1624 687 1703 instantia
708 1631 946 1713 repetuntur,
972 1611 1061 1688 vers.
1079 1636 1241 1708 17—19.
1267 1614 1328 1685 due
1347 1612 1511 1689 continet
1558 1634 1588 1681 a.
1617 1634 1717 1707 pre⁴¹

522 1748 605 1805 curn
620 1719 894 1816 repetitionem,
920 1711 1010 1787 vers.
1029 1734 1086 1807 17.
1127 1712 1295 1808 Responde
1308 1715 1411 1799 mihi,
1438 1704 1594 1807 Jeieua!
1619 1718 1703 1807 quic

521 1824 682 1898 uberrima
707 1813 954 1909 estbenignitar
975 1825 1055 1899 rua,
1071 1807 1251 1906 strandum
1263 1808 1509 1883 multitudinem
1521 1804 1704 1902 misericor.

521 1922 653 2009 diarum
673 1932 806 1987 tuamen
824 1913 944 2005 respice
965 1930 1027 1981 me.
1076 1906 1168 2007 Quae
1190 1908 1277 1982 nihil
1291 1902 1433 1983 obscuri
1445 1903 1587 1979 habent.
1636 1904 1702 1980 Ad

522 2014 732 2189 effigmtiam
753 2008 922 2081 sermonis
936 2004 1044 2096 facit,
1068 2004 1225 2097 notaffe,
1252 2034 1309 2094 erre
1333 2003 1477 2099 proprie
1493 2000 1561 2075 effe
1567 1998 1701 2095 fluere,

524 2137 545 2189 a
593 2127 701 2201 uere,
725 2108 809 2182 inde
823 2104 1049 2193 succurrere,
1073 2105 1310 2200 respondere,
1336 2129 1387 2179 ne
1402 2102 1441 2178 in
1454 2099 1589 2199 origine
1605 2097 1704 2174 liste-
1735 2177 1739 2183 ,

523 2234 563 2287 re
576 2207 801 2320 sucrrfitatem
822 2206 969 2292 uberem,
1002 2203 1223 2292 ubertatem3
1255 2204 1290 2275 dt
1314 2199 1538 2295 improprie
1559 2198 1627 2270 dici
1650 2196 1702 2273 de

524 2314 641 2394 ubere,
662 2326 762 2393 curus
783 2302 838 2375 lac
854 2300 1028 2375 continuo
1042 2300 1193 2377 confluit
1205 2301 1239 2374 δι
1253 2313 1390 2380 manat3
1406 2294 1499 2365 unde
1513 2296 1556 2363 ad
1570 2293 1699 2373 Deum

526 2404 705 2489 refertur,
728 2420 820 2473 vena
840 2398 1067 2495 benignitatis
1081 2401 1253 2473 continuo
1268 2395 1438 2463 fluentem
1452 2388 1491 2457 in
1504 2387 1699 2462 hominess

525 2502 581 2576 uti
595 2516 745 2583 notum,
762 2492 901 2591 &saepe
917 2494 1147 2571 observatum
1163 2490 1224 2567 est.
1264 2482 1451 2581 bellarum
1464 2476 1665 2555 instantiam
1679 2486 1714 2571 ‚¹
1801 2485 1805 2492 '

523 2594 703 2695 produstls
718 2592 917 2683 rationibus
932 2595 1164 2669 moventibus
1176 2613 1222 2665 ex
1236 2583 1406 2659 relatione
1420 2577 1481 2661 sua
1493 2576 1537 2650 ad
1552 2576 1703 2669 Deum,

523 2694 616 2773 statu
634 2692 702 2771 ,suo
723 2689 948 2782 calamitoso,
980 2688 1188 2765 &hostium
1209 2680 1452 2764 insultatione,
1484 2673 1538 2747 his
1558 2673 1704 2766 verbis.

525 2816 605 2896 quae
625 2791 825 2887 proferam,
856 2789 891 2861 dt
911 2788 1013 2863 timul
1035 2810 1243 2884 exponam,
1275 2774 1371 2855 vers.
1394 2778 1453 2863 18,
1478 2793 1534 2866 19.
1568 2768 1635 2843 -Ει
1655 2790 1701 2848 ae

505 2974 508 2982 ,
524 2896 598 2968 uelo
612 2894 740 2989 obteget
749 2884 876 2981 faeiem
890 2900 984 2957 tuam
1001 2885 1126 2978 aseruo
1141 2905 1217 2972 ruo,
1244 2877 1420 2975 (scilicet,
1445 2868 1562 2974 ficut,
1577 2888 1638 2939 me
1657 2868 1701 2945 in
1767 2916 1772 2922 ,

524 2990 617 3070 hanc
639 2986 874 3065 adflidiionem
894 2982 1133 3056 inmittendo,
1154 2979 1248 3049 visus
1271 2995 1308 3043 es
1323 2967 1463 3047 fecisse,
1488 2982 1536 3031 ne
1548 2974 1599 3028 rra
1613 2984 1702 3048 per.

524 3110 606 3189 gas,
631 3088 692 3163 sed
713 3100 835 3174 preces
858 3092 954 3148 meas
975 3071 1020 3141 ad
1040 3081 1079 3137 te
1100 3082 1292 3157 penetrare
1315 3063 1418 3142 fines,
1442 3071 1570 3142 meque
1585 3050 1700 3131 faciei

525 3202 596 3265 tuae
617 3186 696 3258 luce
721 3177 756 3251 &
777 3173 903 3247 favore
923 3165 996 3243 frui
1014 3160 1142 3250 facias,
1176 3150 1470 3260 quemadmodum
1485 3146 1591 3227 servo
1606 3165 1700 3244 tuo,

522 3286 655 3361 intima
668 3269 876 3351 admiffionis
888 3266 933 3343 ad
948 3272 1007 3355 te,
1032 3257 1218 3337 convenit.
1268 3252 1416 3347 tgregn
1430 3267 1541 3319 voces
1554 3249 1701 3341 pollent

521 3374 696 3476 emphasi,
729 3394 793 3468 per
806 3370 926 3446 omnia
941 3364 1057 3443 minus
1073 3371 1262 3459 percepta,
1286 3368 1390 3443 quam
1404 3343 1527 3439 pandit
1538 3348 1698 3425 verbum
1736 3366 1741 3372 ·

526 3508 613 3567 mo,
637 3474 671 3549 dt
693 3470 847 3568 phrasrs3
880 3468 993 3541 velare
1008 3459 1136 3555 furiem
1157 3479 1178 3526 α
1187 3451 1288 3547 servo
1310 3461 1376 3519 tur.
1411 3442 1626 3556 ⁸Respicitur
1646 3442 1698 3515 ad

527 3596 669 3676 regern,
701 3572 760 3667 qui
782 3570 819 3643 in
843 3567 998 3644 thalamo
1017 3560 1081 3636 suo
1102 3550 1345 3659 promiscuum
1364 3542 1496 3617 adetum
1520 3544 1590 3613 velo
1602 3559 1695 3651 pra-

528 3672 638 3772 panso
656 3684 779 3767 arcet,
812 3664 846 3736 &
865 3666 997 3739 intimae
1018 3652 1227 3734 admiffionis
1244 3641 1427 3753 ministros·
1442 3651 1580 3750 tantum
1600 3649 1698 3711 rntra

527 3774 677 3846 aulaeum
704 3762 883 3843 admittit:
916 3780 957 3837 ut
977 3756 1030 3834 est
1048 3756 1100 3831 Ps.
1117 3776 1211 3827 xxxi:
1228 3767 1285 3818 21.
1311 3740 1372 3814 ubt
1391 3735 1464 3849 vrd.
1479 3734 1578 3810 dreia.
1629 3728 1697 3805 Fe.

529 3874 594 3945 ties
616 3866 733 3957 itaque
755 3860 826 3938 Dei
848 3858 900 3933 est
922 3860 997 3949 ejus
1020 3850 1199 3944 majestas,
1230 3841 1264 3913 dt
1286 3834 1470 3932 praesentia
1489 3831 1638 3931 gratiosa
1652 3852 1698 3905 ac

529 3963 754 4050 favorabilis,
776 3954 991 4060 seruusDei
1011 3946 1062 4023 est
1084 3947 1215 4020 intimae
1237 3934 1447 4043 admistionis
1458 3932 1638 4019 minister,
1664 3928 1701 4005 dr

518 4068 650 4162 facien
672 4062 783 4139 velare
803 4062 842 4132 ab
864 4052 930 4151 ipso
951 4048 1024 4154 eli,
1063 4042 1210 4128 eumab
1225 4036 1323 4115 aditu
1334 4030 1405 4106 Der
1420 4042 1566 4125 arcere,
1590 4029 1700 4104 adeo·
