3900 5117
519 570 592 663 ,36
700 552 1514 638 comminuamus

521 765 617 840 locat
640 757 776 871 sensum
797 755 1004 870 figuratum}
1031 756 1126 852 quod
1145 757 1244 874 enim
1264 755 1323 831 hic
1343 755 1532 832 concise&
1547 753 1706 872 summa¹

522 858 709 1033 billis
724 853 899 1028 silisis
910 854 1552 1050 ludibilislltlsslitblll?
1619 871 1693 1049 3²5:

460 1122 464 1130 .
516 1054 584 1150 fida
605 1067 742 1150 egerant
756 1049 844 1144 ficut
869 1047 991 1123 Patres
1011 1073 1138 1139 aarum,
1164 1048 1251 1143 varst
1262 1047 1367 1146 furat,
1392 1051 1451 1126 vel
1472 1049 1693 1148 uerteruntsa

520 1150 628 1246 armar
642 1171 738 1223 arcus
744 1147 906 1241 fallacis,
931 1147 976 1220 de
989 1169 1063 1240 quo
1076 1145 1209 1240 postea.
1504 1163 1506 1167 ’

448 1292 452 1298 -
571 1253 604 1339 §.
620 1246 714 1320 XXl.
764 1246 948 1320 Sumamus
965 1245 1084 1338 itaque
1098 1241 1267 1341 figurate,
1292 1243 1385 1320 &de
1400 1243 1533 1340 perlida
1546 1242 1694 1348 Ephrai-

519 1347 686 1422 mitarum
699 1342 940 1416 inobedientia
953 1343 1190 1435 explicemus3
1216 1341 1397 1436 adeoque,
1418 1343 1513 1437 quod
1528 1343 1638 1420 modo
1650 1341 1691 1418 fi-

521 1457 645 1542 gurate
666 1440 801 1514 dixerat
820 1454 964 1529 orator,
1001 1439 1088 1512 illud
1108 1461 1192 1513 mox
1212 1438 1308 1532 nude
1328 1439 1362 1512 dt
1384 1440 1528 1535 proprie
1548 1441 1591 1515 ab
1613 1439 1691 1536 ipso

522 1538 673 1634 exponi,
699 1535 906 1627 statuamus3
933 1557 1041 1630 quum
1064 1535 1190 1612 cunila
1210 1551 1318 1612 erunt
1337 1535 1474 1627 facilia,
1502 1553 1550 1612 'et
1573 1535 1690 1614 senno

441 1693 448 1711 t
519 1651 605 1734 apte
626 1635 829 1710 cohaerebit
876 1632 1123 1728 Ephraimitae,
1149 1649 1314 1728 tanquam
1335 1635 1504 1805 precipui
1520 1633 1691 1712 Israelita·

521 1757 625 1823 rum,
651 1732 712 1827 qui
730 1731 1017 1806 Tabemaculum
1040 1745 1077 1805 et
1097 1752 1214 1806 arcam
1236 1732 1273 1808 in
1294 1731 1414 1806 medio
1443 1733 1478 1806 ui
1492 1732 1691 1825 habebant,

522 1833 683 1927 adeoque
703 1829 868 1904 Israelem
886 1826 1203 1922 repraesentabant,
1243 1841 1281 1902 et
1300 1830 1605 1926 comprehendere
1627 1829 1691 1906 suo

520 1930 667 2006 nomine
687 1941 875 2022 poterant,
902 1939 1150 2020 comparantur
1172 1946 1254 2000 cum
1268 1926 1389 2021 peritis
1403 1940 1442 2000 et
1455 1925 1628 2002 instruciir
1641 1925 1691 2002 sak

523 2026 691 2126 gittariis,
706 2024 766 2118 qui
782 2039 944 2116 tempore
957 2021 1070 2118 praelii
1083 2021 1117 2098 se
1131 2038 1300 2114 vernant,
1311 2024 1369 2096 vel
1385 2040 1483 2099 retro
1496 2025 1533 2098 in
1547 2023 1690 2122 sugam,

524 2124 586 2198 vel
604 2124 642 2200 in
665 2121 795 2196 ducem
814 2119 936 2210 suum,
962 2134 1136 2214 quatenus
1149 2123 1315 2204 omnibus
1329 2120 1480 2195 subsidi'u
1501 2120 1582 2196 Deo
1604 2125 1691 2198 obe·
1818 2133 1824 2148 ’

523 2221 664 2310 diendi,
688 2234 726 2296 et
748 2216 884 2294 causam
903 2219 978 2311 eius
1000 2216 1141 2293 strenue
1167 2218 1313 2315 agendi,
1344 2216 1520 2308 instrudi,
1545 2231 1584 2293 et
1605 2218 1690 2296 Deo

474 2331 487 2348 ·
523 2321 668 2412 ejusque
696 2315 810 2390 cultui
837 2313 995 2389 obstriffl
1022 2337 1089 2410 per
1108 2314 1253 2389 solenne
1274 2313 1533 2392 sacramentum
1548 2329 1589 2391 ⁴et
1608 2315 1689 2391 soe-

523 2415 608 2505 dus,
635 2436 680 2487 eo
700 2412 775 2506 ipso
798 2414 981 2506 tempore,
1013 2434 1086 2504 quo
1107 2410 1178 2486 sese
1199 2412 1285 2486 tales
1308 2411 1391 2489 Deo
1411 2412 1570 2508 praellarc
1584 2413 1691 2488 debe·

522 2524 626 2600 rent,
640 2506 712 2584 sese
726 2531 747 2582 a
760 2507 842 2580 Deo
856 2507 1008 2583 etcausa
1021 2509 1095 2599 ejus
1109 2524 1338 2600 auerterunt,
1363 2535 1404 2587 ac
1418 2511 1480 2606 ipfi
1496 2510 1566 2586 sese
1580 2533 1692 2612 oppo-
1819 2553 1839 2570 a

523 2605 697 2696 suerunt3
738 2605 896 2700 adeoque
917 2601 1051 2700 perfide
1072 2620 1109 2680 et
1128 2609 1389 2684 contumaciter
1411 2631 1493 2684 cum
1512 2607 1595 2684 Deo
1611 2630 1694 2712 egee

524 2719 620 2780 runt.
681 2701 754 2777 uod
765 2725 850 2778 mox
864 2703 959 2779 nuda
970 2717 1010 2778 et
1024 2703 1169 2799 simplici
1182 2706 1344 2782 oratione
1359 2708 1569 2801 exponitur,
1583 2726 1694 2800 quum

516 2799 637 2897 foedus
696 2805 809 2876 duaa
833 2797 1007 2900 olrseruaffia
1028 2817 1101 2878 etc.
1122 2801 1305 2880 dicuntur:
1326 2795 1376 2879 in
1396 2806 1523 2899 quibus
1534 2805 1622 2879 nihil
1641 2801 1694 2878 eii

525 2899 678 2977 obscuri.
727 2896 898 2976 Ceterum
923 2922 1006 2976 cum
1026 2899 1085 2974 hic
1106 2923 1181 2976 non
1201 2901 1314 2990 dicat,
1345 2916 1387 2976 ut
1406 2902 1534 2988 modo,
1566 2927 1606 2977 na
1618 2897 1695 2996 fiat

517 2995 607 3093 ficut
614 2995 686 3093 filii
700 2993 898 3093 Ephraimi3
915 2995 975 3070 sed
988 2997 1135 3090 pofitive
1149 3012 1187 3070 et
1200 2999 1369 3089 abmpte,
1394 2995 1480 3070 Filii
1494 2997 1692 3094 Ephraim,
1721 3007 1726 3016 '

525 3094 612 3170 sicut
631 3100 753 3167 armari
767 3099 951 3188 jaculantes
971 3115 1052 3164 arcu
1074 3105 1144 3165 etc.
1169 3089 1357 3188 significat,
1382 3091 1417 3167 se
1439 3093 1693 3190 Ephraimitas,

526 3207 695 3283 tanquam
713 3187 857 3264 Parrum
877 3190 1094 3277 imitatores,
1126 3187 1163 3261 in
1185 3189 1250 3262 bac
1273 3190 1436 3268 oratione
1457 3196 1635 3290 precipue
1654 3209 1694 3270 et

526 3285 657 3360 diredie
679 3283 888 3375 intendere,
914 3309 956 3360 ac
977 3285 1013 3359 in
1033 3283 1238 3380 exemplum
1252 3307 1468 3384 proponere.
1518 3291 1697 3368 Connedii'

526 3399 646 3460 autem
667 3381 733 3454 hac
754 3382 891 3457 ratione
910 3379 1028 3477 potest
1048 3382 1182 3459 sermo:
1215 3409 1255 3459 ne
1267 3383 1339 3478 fiat
1350 3387 1441 3481 ficut
1457 3390 1571 3485 parrer
1584 3413 1694 3464 aarum

525 3497 606 3573 etc;
626 3477 749 3574 ¹quales
772 3477 920 3556 fuerunt
941 3477 1188 3575 Ephraimitae,
1214 3489 1289 3578 qui,
1308 3483 1397 3578 firm
1407 3488 1603 3580 jaculatores
1617 3503 1692 3565 etei

526 3577 679 3746 quando
700 3591 819 3652 autem
832 3575 1060 3673 Ephraimitae
1074 3577 1144 3653 sese
1159 3579 1262 3672 hujus
1276 3579 1517 3676 perlidiaereos
1530 3584 1692 3678 egerint,
1731 3670 1734 3674 A
1798 3653 1802 3671 ,

525 3676 552 3749 il
566 3676 613 3748 ud
634 3675 693 3748 hic
714 3673 852 3750 filentio
873 3675 1028 3752 involvit
1040 3693 1181 3766 orator,
1195 3678 1274 3771 quia
1287 3679 1324 3751 in
1340 3676 1466 3749 fusiore
1479 3675 1693 3754 deductione

527 3772 613 3850 illud
630 3772 835 3848 declararet.
884 3771 1005 3874 Quare
1027 3789 1065 3849 ct
1082 3797 1148 3849 nos
1165 3795 1321 3868 eousque
1342 3773 1377 3848 id
1393 3772 1608 3852 differemus.

576 3873 609 3960 §.
625 3865 735 3943 XXll.
784 3870 947 3946 ln‘rerria
969 3889 1069 3966 parte
1089 3869 1166 3960 Ps.,
1194 3893 1270 3966 quae
1290 3874 1554 3968 exemplorum,
1579 3875 1692 3958 modo

527 3981 825 4057 memoratorum,
840 3967 1008 4043 fusiorem
1022 3969 1186 4043 continet
1200 3969 1468 4060 deductionem,
1490 4001 1520 4047 e.
1536 3971 1564 4044 F
1564 3972 1638 4047 aeta
1651 3989 1691 4051 et

526 4062 601 4136 sata
618 4060 782 4152 Petrum,
808 4063 932 4156 quibus
952 4063 1023 4141 sese
1043 4065 1169 4146 studies
1181 4065 1348 4156 fecerunt
1362 4067 1610 4161 Ephraimitae,
1636 4084 1692 4144 re.-

513 4204 517 4210 ·
1608 4187 1689 4244 cen·
