3900 5117
496 555 560 613 to
609 532 640 609 P
679 534 706 609 S
751 533 787 611 A
835 530 866 609 L
914 530 968 609 M.
1025 529 1227 611 LXVIII.
1254 557 1311 633 19.
1364 558 1429 633 141

259 742 382 833 Deu53
393 738 449 815 uti
465 735 556 811 vers.
574 756 629 830 17.
644 732 886 835 ctiamJeboua
906 754 970 840 pu*
991 737 1154 809 habitabit
1161 746 1284 831 purum
1297 751 1433 831 ptatuu

169 857 172 867 ·
258 842 386 941 Eligat
402 838 499 931 quis,
525 835 621 929 quod
634 833 819 909 srbiverius
833 834 1006 909 videatur.

280 1019 284 1025 ⁴
313 946 348 1031 q.
374 933 486 1013 LVII.
530 932 660 1005 Verbis
681 933 717 1004 in
741 933 817 1005 luce
836 931 975 1027 positis,
1009 954 1138 1008 eorum
1159 931 1297 1007 sensum
1318 934 1431 1009 truda-

263 1062 368 1125 mus,
401 1033 436 1105 &
454 1030 497 1104 ad
518 1028 708 1121 subjectam
729 1030 906 1105 materiam
924 1032 1161 1125 adplicemus,
1190 1039 1336 1125 primum
1358 1055 1432 1109 cm·

261 1130 454 1213 blematice
468 1128 503 1200 a
517 1127 686 1212 exiliore,
709 1125 794 1200 dein
810 1148 912 1213 vere,
924 1128 959 1199 dr
971 1130 1079 1225 magis
1092 1128 1296 1221 emphatico
1310 1128 1427 1204 sensu:

260 1235 362 1325 cujus
386 1227 570 1317 utriusque
597 1225 775 1298 rationem
792 1222 863 1295 effe
885 1223 1095 1314 habendam,
1119 1224 1222 1319 supra
1248 1225 1431 1301 minuati.

259 1362 300 1408 a.
313 1324 425 1402 Sensu
445 1321 697 1396 emblematico
720 1319 937 1395 &tenuiore
952 1322 1074 1419 digiuu
1087 1323 1283 1397 intenditur
1297 1324 1342 1396 ad
1354 1327 1433 1397 durs

261 1423 470 1505 illustriores
484 1418 583 1495 tastu
596 1419 815 1513 preteritos,
841 1420 994 1493 alterum
1008 1423 1257 1508 remotiorem,
1282 1422 1434 1499 alterum

401 1667 414 1707 ‚
1337 1668 1341 1674 .

263 1713 483 1801 miraculose
496 1714 499 1720 ’
514 1712 578 1787 sub
597 1712 749 1801 Hizkia,
770 1710 932 1804 quando,
965 1709 1127 1804 utsupra
1155 1712 1245 1802 dixi,
1271 1712 1343 1785 hoc
1365 1732 1438 1787 car-

265 1838 355 1902 men
371 1812 591 1905 triumphale
612 1822 811 1887 caneretur.
857 1832 893 1883 o.
904 1808 1101 1904 singulares
1122 1808 1239 1897 casus,
1273 1826 1440 1904 tempore

266 1908 464 2006 composui
481 1907 532 1982 Ps.
551 1930 622 2002 jam
643 1907 834 2003 preteriti,
860 1906 903 1979 ad
925 1928 1013 2001 quos
1035 1905 1240 1997 respicitur,
1265 1905 1364 1998 smrt,
1392 1913 1441 1983 al·

268 2026 325 2087 ter
352 2004 643 2082 manifestationis
665 2006 738 2080 Dei
760 2005 797 2079 in
817 2020 940 2081 monte
960 2002 1080 2090 sinai,
1104 2004 1191 2075 alter
1207 2006 1444 2083 translationis

272 2130 369 2186 arcae
391 2107 429 2180 in
448 2119 611 2181 montem
629 2103 771 2179 Tfionis
794 2127 814 2177 a
837 2100 1012 2191 Davide,
1038 2101 1246 2197 pauloante
1270 2102 1364 2177 hunc
1388 2102 1442 2179 Ps.
1517 2108 1523 2119 “

274 2204 420 2286 cauum
476 2202 595 2297 Cujus„
607 2203 808 2297 utriusque,
836 2198 926 2277 ficut
944 2200 1083 2276 mentio
1101 2197 1256 2290 iniicitur
1281 2199 1371 2275 vers.
1396 2222 1441 2297 17

270 2304 309 2381 ἃ
330 2306 399 2393 18„
415 2301 714 2396 quemadmodum
728 2300 900 2388 vidimus,
922 2297 972 2371 ita
986 2298 1077 2375 ratio
1091 2296 1256 2371 hicredie
1269 2300 1446 2389 habetur,

274 2422 362 2478 clun
378 2402 562 2493 praescntis
581 2398 797 2475 liberationis
820 2397 944 2491 populi
965 2396 1010 2469 ab
1024 2393 1392 2488 Assyriiinfestationc
1408 2398 1444 2471 bc

279 2494 467 2665 iboeagim
480 2498 620 2587 serant,
648 2496 682 2569 dt
695 2495 970 2667 Ῑυράἓῗιεηῑᾳω
984 2491 1209 2665 colrtrstituant.
1237 2496 1447 2609 sicutenim

279 2593 1049 2803 retulistiltutlitntm
1063 2595 1473 2803 issimis?-

278 2784 376 2875 sam,
402 2783 438 2857 dc
458 2782 504 2857 de
524 2804 575 2857 co
593 2800 719 2857 monte
740 2788 820 2857 dona
836 2786 895 2861 sua
912 2790 1136 2891 rn‘populum
1148 2788 1310 2876 demrsrt,
1330 2791 1450 2884 legem

276 2882 314 2959 dr
334 2880 521 2976 promissa,
561 2878 716 2961 foedere
737 2882 847 2973 irrite,
878 2884 991 2977 dedit,
1025 2910 1059 2962 2.
1074 2884 1301 2977 deincepsin
1314 2880 1451 2957 Tsrone

204 2982 208 2990 ’
278 2978 405 3073 sedem.
416 2975 621 3091 capellivit,
643 2980 756 3083 eciam,
764 2981 1031 3081 post'populum
1045 2987 1090 3065 ab
1102 2980 1259 3061 hostibus
1273 2980 1451 3058 adsertam

281 3101 346 3175 per
360 3076 561 3165 Davidem,
589 3076 682 3151 &ab
699 3078 924 3173 oppressione
935 3086 1175 3173 vindicatum,
1191 3100 1232 3158 ut
1246 3080 1299 3159 cst
1310 3080 1362 3160 ΡΙ.
1377 3103 1451 3167 cu,

284 3176 438 3286 indeque
451 3177 542 3285 'dom
563 3176 719 3252 contulit
742 3177 779 3251 in
800 3178 981 3259 Davidem
1001 3184 1240 3278 depopulant,
1265 3174 1455 3274 multipiici

285 3268 534 3365 benedldhone
556 3288 649 3361 tune¹
664 3272 878 3369 mediatum,
909 3297 960 3362 ,ut
982 3281 1164 3358 habuimus
1189 3278 1279 3354 vers,
1304 3298 1458 3365 10..14,:

139 3466 141 3475 Ι
269 3374 336 3449 'ita
350 3392 494 3468 quoque
509 3390 573 3462 per
585 3392 647 3446 eos
662 3371 758 3447 casus
774 3375 960 3469 praelusum
969 3376 1045 3451 suit
1057 3377 1220 3471 praesenti
1231 3375 1457 3460 liberationi,

291 3470 326 3545 dr
342 3473 417 3561 eius
433 3465 665 3544 fundamenta
678 3468 757 3545 sunt
768 3472 878 3564 jaste,
903 3496 987 3547 eum
1003 3472 1123 3563 Deus,
1148 3475 1296 3551 foedere
1311 3472 1355 3545 ed
1364 3472 1459 3545 Sinai

267 3566 430 3665 teredio,
458 3567 492 3640 dr
518 3567 710 3659 promitio,
732 3584 897 3663 tempore
914 3571 1090 3645 translate
1106 3596 1194 3645 arcte
1215 3573 1251 3643 in
1267 3566 1458 3661 Tsroncur,

291 3668 326 3743 se
348 3664 481 3769 Davidi
500 3664 536 3737 dr
549 3666 688 3760 populo
701 3665 952 3754 obstrinxerit,
976 3669 1019 3741 de
1034 3692 1146 3765 regno
1160 3662 1329 3751 Doridis,
1353 3663 1459 3745 &sua

291 3764 569 3854 inhabitatione,
596 3764 863 3859 inperpetuum
882 3766 924 3839 io
934 3766 1056 3840 medio
1069 3760 1225 3856 populi..
1253 3760 1463 3841 Renovatru

295 3862 415 3955 itaque
448 3882 521 3948 eo,
555 3883 629 3953 quo
651 3862 743 3943 dixi,
783 3860 1082 3954 scoponremoria
1098 3860 1225 3933 borum
1242 3859 1406 3947 casuum,
1427 3864 1462 3935 tr

294 3956 401 4033 Deus
411 3958 631 4045 celebratur,
658 3958 898 4047 tanquamqui
916 3957 1002 4027 olim
1015 3953 1051 4025 dt
1065 3953 1156 4025 Sinai
1170 3955 1206 4027 tr
1221 3956 1392 4031 Tironem
1408 3959 1465 4030 ad

298 4048 456 4147 scendit,
488 4055 610 4149 ibique
639 4052 759 4129 sedem
779 4049 875 4127 suurn
898 4047 997 4140 fixit,
1035 4070 1219 4131 utacum
1249 4054 1466 4148 myriadibus
1556 4133 1558 4136 ,

292 4214 301 4225 .
932 4170 953 4243 3
1364 4176 1471 4248 ange·
