3900 5117
392 2911 396 2919 ‚
517 2827 625 2926 Prius
643 2831 696 2905 his
716 2832 874 2918 perbise

511 604 586 694 542
700 569 1549 686 communiuntur,

520 797 576 874 nis
598 794 669 869 Dei
689 793 958 870 convincendos
973 791 1086 866 verbo
1097 806 1225 868 eorum
1240 787 1430 866 rrafleteit:
1455 789 1522 865 acii
1537 788 1692 872 diceret:

519 895 675 971 tentatio
699 893 932 967 lsraelimrum
953 891 1025 966 tam
1049 889 1303 990 absurdusuit,
1329 907 1433 984 quam
1455 887 1573 982 foret,
1597 888 1622 964 fi
1644 891 1694 966 dl·

513 991 668 1079 minent,
693 1015 761 1063 ecce
778 987 937 1086 percusstt
955 999 1084 1083 pettam
1104 987 1169 1062 ἃς.
1190 993 1362 1083 poteritne.
1384 1033 1448 1049 -
1461 1003 1528 1050 -'-
1549 985 1629 1090 Qua
1642 1009 1693 1063 ra-

518 1090 624 1162 tione
646 1086 770 1161 cenea
792 1087 912 1159 faciles
936 1083 1070 1159 habent
1093 1085 1304 1177 explicatus,
1343 1085 1504 1178 &pocta
1520 1087 1690 1161 conveni·

522 1197 626 1260 enter
640 1185 797 1278 persone
811 1183 984 1271 oratoris,
1008 1201 1111 1274 quem
1128 1181 1184 1255 hic
1198 1181 1307 1279 gerit,
1333 1182 1415 1279 agit.
1462 1181 1587 1257 Solent
1603 1181 1695 1278 saepe

520 1283 710 1376 prophete
733 1282 867 1373 populo
889 1281 1001 1353 verbu
1020 1281 1055 1352 in
1079 1299 1144 1351 ore
1165 1279 1274 1368 dare,
1301 1299 1375 1352 non
1390 1301 1466 1372 quae
1480 1273 1542 1372 ipfi
1555 1280 1692 1356 elocuti

523 1379 630 1468 sunt,
655 1376 714 1451 sed
735 1379 928 1466 deberent,
953 1375 978 1448 sr
999 1375 1218 1450 cohaerenter
1234 1373 1269 1448 ἀ
1283 1373 1383 1450 statui
1398 1375 1459 1449 suo
1476 1379 1694 1453 convenien-

515 1493 578 1551 ter
599 1473 789 1550 voluissent
817 1474 926 1566 loqui.
982 1472 1155 1548 Ceterum
1177 1477 1276 1568 ponis
1298 1473 1358 1545 vcl
1377 1473 1413 1546 in
1435 1495 1567 1570 genere
1587 1477 1693 1548 cibrrm

521 1575 672 1647 denotat
684 1572 919 1660 ordinarium,
935 1559 995 1641 vel
1011 1593 1138 1643 carnem
1153 1572 1191 1644 in
1204 1569 1224 1641 s
1243 1563 1434 1660 ecic31icut
1447 1593 1531 1644 mox
1546 1573 1693 1668 exponi-

523 1685 600 1745 tur:
627 1669 686 1763 qui
700 1670 801 1744 vocis
815 1662 968 1743 untusus
985 1671 1059 1740 rion
1074 1665 1124 1740 est
1137 1593 1373 1765 insofirusaut
1387 1669 1528 1766 ignotus
1543 1697 1573 1743 ιι.
1606 1661 1691 1766 un.

516 1775 593 1861 'que
620 1771 745 1856 cibum,
775 1764 836 1839 scu
856 1783 984 1858 penem
1004 1759 1194 1838 coelestem
1219 1755 1374 1853 Manno,
1413 1765 1470 1839 hic
1490 1763 1690 1866 intelligere

519 1865 713 1951 nonlicet,
737 1884 818 1937 cum
834 1881 879 1935 eo
896 1863 962 1934 'am
979 1874 1054 1934 tum
1067 1857 1171 1958 gavise
1191 1861 1250 1933 diu
1264 1857 1418 1936 fuissent.

569 1961 600 2051 5.
617 1953 764 2033 XXVII.
814 1985 849 2055 y.
880 1885 1013 2046 'hrtior
1041 1953 1208 2032 articulus
1240 1955 1360 2032 Deum
1388 1957 1431 2032 ad
1458 1960 1549 2036 hanc
1574 1961 1690 2039 crimi-

519 2059 707 2132 nationem
733 2056 766 2129 &
796 2053 1030 2129 tentationem
1051 2049 1134 2127 fistit
1157 2055 1311 2150 primum
1331 2051 1459 2152 iratum
1488 2049 1690 2156 &pumen-

520 2163 617 2246 tem,
643 2157 725 2230 dien
745 2167 936 2246 potentem
951 2148 1198 2230 &beneficum
1212 2153 1479 2264 ergaflpopuium
1493 2151 1689 2256 ingratum,

518 2253 665 2328 carnem
687 2251 722 2325 ei
733 2249 952 2330 abundanter
965 2243 1221 2338 concedendo3
1247 2248 1337 2322 vert
1355 2250 1514 2348 oi—29.
1538 2281 1541 2286 ·
1565 2253 1690 2346 Inque

513 2350 689 2442 pericopa
717 2371 748 2422 a.
763 2348 823 2419 ire
843 2345 915 2418 Dei
937 2343 1212 2436 demonstratio,
1237 2358 1404 2421 unacum
1420 2343 1689 2444 ejusjustacau-

517 2443 574 2532 sa,
600 2442 826 2531 describitur,
862 2439 953 2515 vers.
978 2460 1148 2532 21-25,
1198 2440 1228 2515 i.
1243 2443 1319 2534 ejus
1340 2447 1510 2539 potentie
1530 2445 1563 2520 ie
1585 2447 1688 2522 boni·

511 2539 602 2614 ‘tatis
633 2539 727 2637 signa
762 2537 992 2613 recensentur
1029 2539 1065 2612 in
1093 2533 1206 2612 danda
1231 2557 1381 2712 cernekz
1398 2541 1490 2619 veri.
1525 2543 1687 2640 26-29.

514 2649 549 2710 o.
566 2633 667 2708 Prior
689 2651 766 2732 pers
786 2635 906 2711 Deum
927 2633 1153 2730 representat
1175 2636 1322 2726 iratum,
1402 2642 1475 2734 ejus
1496 2636 1620 2730 justam
1635 2663 1687 2732 ra,

513 2733 660 2810 tionem
676 2733 864 2831 adjunge,
877 2731 1094 2903 fprirrsurers.
1118 2753 1203 2822 nn,
1227 2731 1389 2829 posterius
1410 2735 1502 2810 vers.
1524 2759 1647 2812 eo-2
1651 2757 1687 2828 5.

907 2846 1026 2922 ertur,
1051 2829 1142 2910 vers.
1166 2851 1223 2904 21.
1238 2827 1425 2928 ¹Propterea
1438 2835 1570 2908 audivit
1584 2829 1686 2935 Jeio·

511 2941 563 3002 oa
585 2926 629 3012 i?
639 2926 817 3025 efferbuit,
832 2927 875 3014 δ’
889 2933 978 3026 ignis
993 2923 1212 3001 vehementius
1224 2923 1305 3021 arfir
1319 2934 1354 3003 in
1370 2919 1514 3098 querit,
1541 2945 1573 3005 et
1587 2939 1686 3028 etiam

511 3024 635 3122 nosue,
657 3028 722 3114 vel
740 3029 971 3122 adglomerant
992 3021 1080 3115 nost,
1106 3021 1298 3117 reclinavit
1319 3030 1356 3098 ire
1392 3020 1537 3101 sroeiem.
1587 3025 1685 3106 Sicut

511 3123 589 3197 duo
609 3123 726 3197 modo-
738 3119 998 3195 memoraverat
1021 3119 1167 3195 crimina
1187 3141 1367 3214 connexa,
1404 3119 1503 3221 &ie
1525 3125 1682 3214 invicem

515 3220 620 3292 brevi
633 3217 771 3304 secuta,
791 3217 841 3288 ita
854 3215 974 3316 Deum
985 3217 1137 3310 repetite
1151 3217 1231 3290 vice
1247 3213 1331 3292 fistit
1345 3221 1494 3314 iratum,
1507 3229 1615 3320 priore
1628 3224 1685 3297 vi·

504 3325 558 3386 'ee
580 3312 645 3384 hio
662 3314 800 3387 verbis:
827 3314 961 3386 audivit
975 3309 1109 3410 Jehouo
1123 3328 1154 3387 er
1172 3312 1343 3410 efferbuit,
1369 3331 1401 3392 et
1418 3324 1505 3418 ignis
1519 3323 1682 3396 vehemen-

506 3414 585 3483 rius·
608 3407 745 3502 arsitio
768 3407 915 3507 Jacoiro‚
947 3414 1073 3500 altero,
1111 3427 1195 3484 rnox
1225 3409 1367 3506 secuta,
1404 3415 1458 3490 his
1480 3415 1616 3508 verbis,
1648 3432 1682 3490 et
1771 3482 1776 3487 .

507 3512 616 3580 etiam
637 3505 734 3602 nosue
755 3503 947 3598 exestuant
968 3507 1005 3603 in
1027 3505 1191 3586 Israelem.
1241 3505 1345 3584 Prius
1364 3511 1451 3587 illud
1473 3515 1534 3586 res
1551 3513 1612 3587 icit
1635 3509 1681 3588 a'd

501 3601 682 3695 ·]udicium
703 3601 773 3673 Dei
795 3604 833 3676 in
847 3604 1020 3697 populum
1036 3603 1119 3677 Deo
1135 3604 1220 3679 oblo
1244 3625 1411 3699 uentem,
1437 3535 1683 3709 evergigiose·

505 3709 648 3772 cutum.
670 3695 780 3774 Num.
802 3721 851 3776 xr:
877 3721 909 3775 1.
931 3703 984 3776 uti
1000 3701 1143 3776 collatio
1159 3625 1263 3776 facie
1279 3701 1397 3782 docet.
1448 3700 1595 3796 Pheris,
1620 3731 1681 3802 aro·

513 3798 602 3869 utve
629 3793 762 3893 Jcbovo
791 3813 822 3871 er
851 3795 1001 3894 efflriuit
1021 3833 1076 3855 *-
1103 3841 1158 3855 ·-
1179 3795 1230 3872 est
1260 3811 1317 3877 'em
1343 3801 1483 3898 hatica,
1523 3803 1679 3894 dicitque

438 3967 441 3972 .
501 3888 626 3979 idem,
653 3915 714 3981 ac,
737 3893 854 3970 statim
869 3893 1096 4004 aropiioifflr
1111 3892 1273 3998 fferbrrir.
1319 3827 1677 3992 §articularsubinde

507 3990 711 4066 immediate
734 3991 976 4080 conneiicndi¹
994 3993 1206 4084 potestatem
1225 3997 1349 4087 habet,
1386 3993 1420 4064 δι
1432 3989 1549 4082 statim
1566 3981 1676 4090 dicit,

507 4085 569 4158 seu
583 4110 677 4174 mor,
693 4087 714 4158 e
730 4087 891 4182 vestigio.
941 4085 1105 4168 Verbum
1119 4118 1175 4181 mr
1190 4091 1333 4187 proprie
1348 4085 1431 4160 dicit
1446 4085 1675 4263 intumescergc,

547 4293 571 4344 o
593 4273 667 4344 Vid.
681 4273 815 4348 nmama
831 4280 871 4350 ad
882 4279 929 4350 Ps.
946 4301 1052 4354 xrvn:
1071 4307 1101 4358 2.
1119 4286 1149 4356 ot
1166 4303 1284 4359 comm·
1300 4276 1407 4356 noster
1421 4283 1461 4356 ad
1472 4281 1555 4355 Mal.
1573 4305 1605 4375 p.
1616 4287 1670 4366 84.
