3900 5117
495 513 566 584 820
660 490 1465 576 COMMENTARIUS

495 701 721 801 posteaquam
735 699 908 770 virtutum
919 689 1090 784 justitiae,
1107 689 1285 778 veritatis,
1308 691 1533 788 benignitatis
1551 703 1589 766 et
1600 708 1661 789 psa

494 802 564 890 cis,
591 800 789 893 publicum,
814 792 983 881 frequens
1004 788 1040 859 dc
1060 788 1230 876 liberum,
1250 788 1456 864 exercitium
1470 792 1509 863 in
1521 794 1661 885 populo

494 892 704 995 praedr'xiffet
719 888 896 974 futurum,
923 884 1061 956 morin
1075 884 1149 955 haec
1164 887 1275 957 verba
1288 886 1385 977 loqui
1399 888 1540 984 pergit,
1565 888 1660 963 vers.

496 1017 552 1069 12.
582 989 713 1062 Veritas
735 1010 773 1057 ex
787 1002 877 1057 terra
891 982 1108 1072 germinabit,
1134 978 1178 1063 ἐξ
1185 979 1322 1076 postitio
1333 985 1371 1055 de
1385 988 1460 1057 celo
1469 982 1660 1081 prospexit,

493 1090 553 1165 vel
569 1084 789 1184 prospetlahit.
841 1074 931 1173 Quae
955 1078 1064 1149 verba
1086 1078 1196 1149 varias
1216 1079 1503 1171 complebuntur
1516 1082 1659 1157 senten·

490 1188 586 1275 tias,
617 1176 796 1279 generales·
823 1172 859 1245 δι
884 1172 1070 1265 speciales,
1090 1172 1201 1267 scopo
1222 1173 1448 1267 &phrasibus
1460 1197 1657 1275 congruas,

491 1306 577 1378 quas
597 1270 753 1352 distinete
776 1270 995 1359 enucleab03
1020 1292 1067 1344 ne
1079 1271 1300 1363 amplitudini
1313 1272 1430 1348 sensus
1444 1276 1531 1366 quid
1542 1276 1659 1349 detra-

490 1380 584 1455 ham,
639 1400 670 1445 κ,
695 1366 829 1457 Primo,
863 1390 979 1461 eoque
992 1366 1273 1465 generalislimO,
1307 1368 1408 1445 sensu
1421 1368 1659 1468 fignificatur,

490 1478 641 1551 virtutes
664 1466 761 1556 illas,
793 1488 868 1558 quae
889 1465 947 1539 hic
970 1471 1126 1537 veritatis
1144 1464 1328 1560 &justitie
1342 1469 1542 1543 nominibus
1555 1492 1658 1547 com·

488 1566 789 1671 prehenduntur,
844 1586 875 1637 1.
902 1563 1120 1637 abundantes
1128 1560 1422 1654 fruetuslaurras,
1449 1564 1658 1660 seuquales-

490 1687 633 1761 ermque
659 1660 812 1735 essiones
833 1660 868 1735 u
889 1658 1024 1749 officia,
1057 1682 1104 1733 ex
1123 1660 1189 1731 illis
1210 1661 1297 1733 oriri
1316 1661 1441 1752 solita,
1466 1664 1659 1757 produtlu·

490 1756 566 1854 ras,
591 1783 668 1856 quae
690 1760 727 1833 in
749 1757 868 1831 medio
882 1759 1007 1851 populi
1023 1756 1333 1850 conspicerentur,
1358 1782 1512 1853 eumque
1526 1760 1659 1841 susten-¹

489 1875 612 1941 tarent
626 1858 661 1929 dr
675 1856 918 1929 exhilararent
961 1876 996 1929 2.
1021 1854 1236 1930 Continuam
1248 1854 1330 1928 fore
1344 1878 1467 1931 earum
1480 1859 1654 1936 virtutum

490 1957 810 2059 propagationem,
850 1952 884 2025 δι
914 1951 1190 2041 successionem
1221 1956 1271 2026 ita
1290 1968 1330 2027 ut
1349 1976 1424 2029 non
1444 1956 1548 2028 brevi
1567 1970 1655 2031 tem·
1701 2039 1717 2053 ‚

294 2132 299 2139 .
379 2134 384 2139 .
491 2078 603 2155 pore,
616 2054 650 2125 δι
665 2073 746 2125 cum
763 2072 832 2126 una
843 2052 1094 2148 generatione,
1110 2048 1370 2139 ceffarent3sed
1382 2052 1419 2127 in
1437 2051 1580 2149 longam
1594 2076 1660 2149 po.

493 2153 690 2231 steritatem
709 2146 780 2222 sese
806 2147 1027 2236 exsererent3
1051 2147 1085 2221 tr
1104 2150 1147 2222 ab
1165 2170 1235 2221 una
1248 2160 1350 2221 aetate
1375 2149 1533 2225 adaliam
1546 2167 1660 2225 mans-

493 2249 610 2341 irent,
642 2248 767 2345 piaqm
799 2268 843 2320 ex
870 2248 928 2339 pia
959 2246 1076 2319 radice
1096 2260 1301 2321 nasceretur
1320 2245 1466 2320 soboles.
1514 2268 1549 2338 3.
1578 2248 1661 2319 Vir-

497 2363 594 2427 tutes
614 2368 671 2421 eas
687 2342 816 2417 difficili
832 2344 953 2417 labore
966 2364 1041 2419 non
1056 2343 1125 2417 effe
1144 2343 1370 2437 acquirendas
1382 2343 1417 2415 dc
1429 2340 1661 2433 exserendas,

493 2445 555 2521 sed
574 2442 690 2539 sponte
712 2440 804 2534 quali
824 2442 1015 2515 nascituras
1035 2439 1071 2512 δι
1093 2440 1190 2515 sacili
1210 2462 1321 2534 opera
1338 2440 1575 2530 exercendas,
1613 2454 1661 2515 ut

494 2541 594 2637 quod
613 2561 656 2611 ex
678 2553 768 2610 terra
794 2536 919 2631 sponte
943 2538 1004 2612 sua
1023 2538 1157 2630 oritur,
1184 2538 1344 2632 adeoque
1358 2560 1402 2612 ex
1416 2536 1660 2615 constantibus

492 2640 528 2715 δι
544 2640 613 2711 alte
627 2634 787 2708 radicatis
805 2634 980 2709 habitibus
995 2652 1252 2729 proventuras,
1278 2658 1354 2729 quae
1369 2658 1454 2711 cum
1467 2632 1540 2729 ipsa
1552 2652 1661 2710 aetate

493 2732 585 2830 quast
600 2732 839 2807 succrescunt.
889 2756 925 2823 4.
954 2728 1102 2805 Virtutes
1115 2734 1191 2806 illas
1204 2755 1280 2808 non
1292 2733 1376 2808 fore
1389 2734 1476 2808 viles
1490 2732 1526 2806 dc
1538 2734 1659 2829 vulga-

490 2856 570 2921 res,
597 2828 691 2925 quafi
708 2851 757 2927 ex
782 2845 877 2904 terra
898 2844 1035 2905 tantum
1056 2845 1147 2905 natae
1169 2830 1300 2920 client,
1327 2851 1403 2925 quae
1422 2831 1571 2906 multum
1585 2830 1656 2903 sor-

494 2930 594 3005 dium
616 2926 736 3001 secum
754 2928 917 3019 trahunt,
950 2927 985 3000 dc
1005 2930 1124 3002 multis
1144 2929 1251 3002 aninri
1265 2930 1379 3018 vitiis,
1404 2950 1446 3000 ac
1458 2928 1548 3000 falfis
1561 2926 1658 3019 prin·

498 3027 601 3121 cipiis
616 3024 651 3097 δι
664 3022 811 3115 linibus,
833 3026 1100 3114 contaminatae,
1115 3047 1191 3118 quae
1206 3028 1335 3096 oodrae
1348 3024 1467 3098 verius
1485 3020 1662 3116 &stmulo-

498 3148 559 3200 rra
588 3122 763 3197 virtutum
790 3120 889 3209 sunt,
922 3146 1026 3217 quam
1048 3143 1148 3194 verae·
1162 3120 1331 3211 virtutes,
1358 3142 1403 3197 eo
1423 3122 1569 3196 nomine
1589 3119 1663 3217 dig-

495 3244 572 3309 nae,
597 3222 773 3317 inquibus
790 3216 890 3291 Deus
904 3221 1125 3313 acquiescere
1139 3216 1274 3312 potest:
1299 3219 1360 3293 sed
1374 3226 1518 3293 virtutes
1538 3238 1659 3304 veras,

433 3372 436 3377 -
501 3314 660 3391 coelestes
681 3316 716 3387 tc
738 3314 907 3406 Divinas;
940 3338 1018 3410 quae
1037 3316 1081 3389 de
1104 3320 1176 3389 colo
1195 3332 1394 3407 venerunt,
1420 3316 1658 3411 &imaginem

501 3413 575 3489 Dei
595 3408 768 3485 referunt.
819 3410 949 3513 Quales
971 3412 1071 3503 sunt,
1097 3434 1175 3505 quae
1193 3417 1313 3510 expio
1327 3414 1494 3512 &gloriae
1508 3412 1580 3483 Dei
1591 3409 1662 3483 stu-

499 3508 600 3585 dioso
613 3508 752 3595 enimn,
778 3506 848 3581 lide
863 3508 1069 3604 purificato,
1094 3510 1208 3603 &per
1220 3512 1386 3606 Spiritum
1406 3509 1573 3583 Sannum
1590 3508 1667 3583 sarr-⁴

501 3604 674 3695 tiificato,
707 3608 945 3699 proveniunt,
980 3608 1015 3679 dc
1034 3608 1078 3680 de
1093 3607 1225 3682 coelesti
1240 3611 1376 3707 origine
1389 3606 1447 3678 sua
1460 3604 1662 3681 testantur:

501 3704 553 3786 ita
575 3718 614 3775 ut
621 3698 757 3797 ‘justitio
772 3706 808 3777 de
823 3707 894 3776 colo
908 3702 1129 3799 prospetlare
1144 3704 1280 3780 censeri
1294 3717 1409 3796 queat.
1459 3701 1550 3804 Quae
1566 3703 1665 3775 Chri-

375 3830 379 3841 ·
501 3797 620 3871 stianae
644 3797 722 3872 sunt
743 3803 910 3893 virtutes,
944 3802 1081 3875 &Deo
1101 3804 1140 3876 in
1160 3800 1296 3875 Christo
1311 3802 1355 3875 ad
1368 3818 1536 3875 aternam
1552 3802 1661 3874 uitam

501 3894 694 3991 placentes.
745 3894 906 3972 Virtutes
929 3901 1047 3991 itaque
1071 3898 1220 3987 divinae,
1244 3922 1287 3974 ex
1303 3902 1409 3975 coelo
1422 3897 1590 3983 demitlae,
1617 3913 1661 3969 et

502 4005 751 4070 exterrente.
801 3994 921 4094 Quem
933 3994 1071 4072 sensum
1084 3995 1233 4094 prefert
1246 3997 1395 4119 phrasis,
1420 4010 1458 4070 et
1466 3994 1668 4166 justitiocgieo
