3900 5117
547 482 622 588 ψ
717 462 1525 555 connumeratos

533 672 624 753 est:
647 670 824 753 indicanu
845 672 943 747 enim
963 666 1117 746 adfflfflo
1135 666 1277 763 divina,
1303 668 1352 746 nd
1372 668 1713 773 convincendum&

549 770 835 873 redarguendum
858 784 1026 866 peccata,
1056 792 1133 864 quae
1156 770 1261 844 notio
1282 767 1335 843 est
1354 772 1455 846 vocis
1475 797 1605 849 nnana
1623 776 1718 868 rad,

501 950 506 963 ,
547 891 625 967 quae
647 869 792 964 proprie
815 866 867 944 est
885 870 1095 956 cambono,
1127 867 1210 942 inde
1231 868 1271 942 in
1290 866 1497 963 fflpbfecir
1509 886 1549 943 ut
1565 875 1715 949 candica-

544 982 600 1043 nt
619 968 768 1064 aliqum
798 966 834 1041 h.
854 989 888 1041 e.
910 967 1005 1040 clare
1024 964 1155 1053 evicit,
1179 963 1455 1057 demonstravit,
1480 966 1713 1068 &castigavit

540 1064 591 1141 ad
620 1063 909 1143 convincendum
930 1062 965 1139 δι
985 1060 1269 1141 emendandum:
1301 1061 1400 1157 quod
1418 1063 1612 1161 respondet
1630 1067 1713 1149 Lat.

542 1182 584 1236 ar
607 1185 683 1237 uere
696 1190 727 1239 a.
1004 1218 1007 1222 1
1180 1219 1185 1229 .

541 1306 544 1315 ·
582 1184 625 1350 gs.
641 1254 771 1333 XXIV.
809 1286 846 1357 y.
868 1256 1020 1335 Tertium
1036 1262 1258 1347 membrum,
1282 1278 1355 1352 prae
1368 1256 1526 1335 adfectus
1539 1260 1713 1338 concitati

540 1356 774 1439 vehementia
787 1356 1017 1449 praerniffum,
1042 1378 1125 1431 cum
1138 1354 1302 1451 subjungi
1316 1355 1485 1445 deberet,
1511 1358 1713 1435 conclufio·

540 1472 647 1544 nem,
676 1474 723 1527 ex
747 1449 909 1545 opposrta
922 1452 988 1525 hac
1002 1451 1209 1526 conditione
1224 1451 1439 1542 eruendam,
1472 1455 1711 1548 comprehen-

539 1548 616 1641 dit,
638 1547 730 1625 veri.
755 1570 815 1642 13.
836 1542 988 1640 Profeiio
1008 1552 1154 1622 inaniter
1172 1550 1333 1623 mundavi
1353 1572 1406 1622 ror
1426 1573 1551 1641 meam,
1574 1550 1618 1635 ἃ
1632 1556 1711 1628 iaoi

536 1652 576 1721 in
591 1652 776 1723 innocentia
788 1668 904 1719 manus
917 1667 1015 1741 uuor.
1030 1645 1066 1719 h.
1082 1667 1116 1719 e.
1131 1645 1247 1719 Aliter
1259 1668 1304 1719 ex
1316 1646 1711 1740 premiisrsvirconclu·

538 1745 575 1821 di
595 1746 752 1840 poterit,
783 1763 823 1815 ac
846 1764 972 1819 vanam
994 1740 1064 1816 effe
1085 1765 1201 1818 meam
1222 1742 1448 1838 pietatem&
1469 1747 1709 1838 probitatem

537 1841 663 1936 qua&
690 1841 846 1915 animum
871 1839 1051 1915 &manus
1071 1862 1166 1915 meas
1186 1840 1331 1934 praestiti
1351 1841 1386 1914 dc
1407 1838 1547 1915 servavi
1562 1842 1709 1938 purasa

537 1952 690 2036 peccato
707 1941 850 2013 interno
866 1936 902 2007 δι
915 1950 1087 2026 externo,
1113 1950 1261 2031 peccata
1273 1938 1369 2011 intus
1384 1938 1583 2029 aversatus,
1598 1940 1633 2013 ἃ
1648 1961 1707 2014 ex·

540 2050 599 2114 tus
616 2035 766 2134 fugiens.
799 2032 871 2107 Ubi
888 2032 995 2122 dicit,
1019 2032 1055 2107 se
1068 2032 1231 2130 mundaffe
1244 2032 1422 2129 corsuum,
1438 2038 1583 2130 proprie
1598 2038 1708 2111 candi-

538 2128 643 2231 daffe,
685 2147 725 2206 et
746 2130 898 2208 nitidum
919 2128 1136 2224 praestitiffe,
1168 2134 1245 2203 non
1265 2128 1647 2231 absolutamintelligit
1667 2151 1707 2211 et

537 2227 732 2325 perfectam
755 2228 967 2321 puritatem,
994 2248 1076 2299 cum
1096 2226 1172 2314 ejus
1184 2223 1344 2314 respectu
1359 2247 1470 2299 nemo
1486 2228 1605 2301 dicere
1621 2252 1709 2321 que-

535 2324 798 2411 at,’candidaoi
820 2342 873 2391 cor
893 2344 1015 2410 meum,
1047 2321 1171 2392 nitidus
1184 2315 1262 2414 sum
1284 2334 1454 2414 apeccato
1479 2346 1566 2413 nuo,
1595 2324 1706 2401 Ρτον.

533 2432 591 2495 xx:
620 2440 654 2513 9.
689 2416 749 2491 sed
778 2416 972 2507 sinceram,
1010 2418 1211 2514 integram,
1251 2429 1291 2491 et
1308 2418 1492 2493 relativam
1513 2420 1708 2513 puritatem

537 2517 642 2592 animi
652 2542 676 2603 ,κ
686 2536 752 2610 per
770 2534 875 2607 quam
896 2516 972 2606 quis
980 2528 1086 2611 purus
1099 2511 1151 2588 est
1164 2515 1273 2604 corde,
1296 2513 1444 2589 unveri.
1461 2538 1494 2590 1.
1507 2517 1705 2595 habuimus.

503 2644 507 2649 ·
533 2613 602 2693 Sed
618 2612 753 2687 censeri
770 2632 922 2705 quoque·
934 2610 1069 2705 poiset,
1102 2612 1202 2709 pium
1222 2612 1421 2707 emphatica
1442 2612 1507 2688 hac
1521 2615 1622 2691 usum
1635 2616 1706 2691 effe

535 2712 670 2808 phrasi,
696 2728 736 2794 ut
758 2708 951 2795 indicaret,
984 2710 1045 2782 vel
1065 2707 1235 2785 summam
1253 2725 1293 2784 et
1308 2710 1501 2805 perfedtam
1514 2715 1706 2805 puritatem

535 2832 612 2887 non
632 2809 858 2883 liberaturum
878 2806 922 2879 ab
937 2806 1003 2880 hac
1017 2806 1237 2895 adflictione,
1260 2808 1340 2897 quia
1353 2806 1453 2876 Deus
1464 2828 1538 2877 non
1555 2810 1706 2881 adtendit

536 2908 597 2981 vel
611 2914 727 2980 nouit:
754 2918 793 2978 ut
806 2904 914 2977 modo
929 2904 1075 2977 dixerat.
1108 2903 1232 2975 Altera
1244 2896 1390 2989 phrasis,
1413 2902 1488 2967 iani
1499 2903 1537 2969 in
1552 2904 1704 2975 innocen-

537 3011 840 3086 tiamanusmeas,
865 3000 945 3071 alibi
957 2998 1029 3087 jam
1042 2995 1094 3068 est
1107 2993 1290 3085 explicita,
1315 2989 1535 3067 adPixxvrt
1552 2995 1586 3070 6.
1633 2998 1707 3075 Re.

536 3097 680 3191 spicitur
713 3094 755 3167 ad
789 3096 896 3170 ritum
924 3094 1073 3165 abluendi
1101 3110 1217 3161 mnus
1242 3088 1280 3161 in
1305 3085 1440 3184 iignum
1466 3091 1709 3187 innocentiae,

482 3202 492 3257 ’-
536 3194 648 3271 Deut.
676 3214 747 3267 xm:
772 3196 806 3267 6.
830 3208 868 3265 er
889 3187 1006 3263 sensus
1026 3186 1096 3277 est,
1121 3192 1248 3261 manue
1260 3181 1340 3260 tuas
1362 3185 1432 3260 effe
1453 3210 1558 3282 quarn
1572 3192 1706 3286 puriffi.

538 3316 610 3369 mas
634 3294 678 3367 ab
701 3290 800 3365 omni
819 3288 1000 3373 facinore;
1031 3285 1069 3358 in
1089 3280 1198 3377 ipsam
1221 3283 1486 3377 innocentiam,
1512 3303 1553 3365 ut
1575 3312 1704 3383 aquam

535 3386 827 3487 limpidiffimam,
865 3382 957 3476 quati
978 3379 1156 3456 immersas
1171 3383 1209 3469 b,
1235 3380 1331 3475 quod
1344 3383 1426 3457 alias
1442 3383 1571 3460 dicitur
1580 3404 1707 3483 purum
1763 3441 1768 3447 =

537 3484 595 3587 affe
622 3488 790 3571 manibus,
814 3479 865 3555 Ps.
887 3500 985 3555 xx1v.
1006 3496 1044 3555 et
1060 3479 1165 3571 alibi,
1190 3479 1268 3572 hic,
1293 3478 1343 3557 ob
1363 3478 1489 3559 diuam
1502 3484 1703 3579 rationem,

537 3588 665 3663 fortius
680 3580 899 3675 exprimitur.
1221 3645 1225 3653 ,

537 3706 541 3715 ’
587 3690 619 3774 §.
635 3680 749 3756 XXV.
786 3676 968 3753 ¹Ceterum
990 3676 1033 3750 ad
1054 3691 1167 3753 totam
1193 3680 1284 3754 hanc
1305 3682 1531 3779 pericopam,
1564 3673 1703 3778 quapii

537 3778 813 3857 introducuntur
833 3772 969 3852 confun
990 3790 1028 3850 et
1048 3774 1184 3852 tristitia
1206 3778 1301 3872 pleni
1324 3780 1362 3855 in
1380 3780 1440 3855 has
1461 3802 1569 3856 voces
1583 3803 1703 3858 erum·

502 3888 507 3895 '
537 3900 644 3979 pere,
669 3874 865 3955 notandum
880 3872 950 3965 est,
969 3896 1043 3949 non
1057 3874 1222 3968 indicari,
1235 3898 1298 3953 eoa
1313 3874 1432 3956 aDeo
1445 3893 1482 3955 et
1493 3878 1628 3974 pietate
1641 3900 1703 3953 ve·

541 4022 546 4033 ι
1659 3996 1704 4052 re

579 4106 602 4153 n
621 4084 791 4164 Schultens
813 4089 853 4157 ad
874 4088 951 4179 Job,
972 4110 1006 4162 v:
1029 4108 1077 4175 17.
1170 4092 1190 4156 b
1211 4084 1383 4159 schutem
1408 4092 1450 4161 ad
1469 4092 1544 4179 Job.
1567 4108 1624 4181 1³34
1638 4108 1698 4183 30.
