3900 5117
388 526 393 540 Ι
481 612 543 669 nn
615 588 975 669 PSA'LM.
1049 592 1227 674 LXXXV.
1379 616 1458 711 792

283 789 468 893 promissa,
508 804 590 863 ante
611 788 708 893 fores
735 782 825 873 elie,
863 804 906 859 ex
926 786 1045 861 multis
1065 788 1200 865 indiciis
1220 789 1255 864 se
1275 792 1448 890 colligere

287 888 570 1083 prgnffangrgbd
586 993 853 1079 argumentum,
878 970 1074 1057 summatim
1086 985 1328 1080 propoiitum,
1352 1001 1391 1062 ut
1404 989 1445 1067 in

283 1085 435 1159 clariore
449 1083 529 1154 luce
545 1081 762 1163 collocetur,
781 1092 817 1149 et
832 1097 896 1169 per
909 1090 1030 1169 partes
1043 1085 1238 1169 explicetur
1253 1106 1293 1155 ac
1303 1083 1447 1169 demon.

281 1181 483 1270 stretur,¹a
505 1200 576 1270 quo
596 1172 719 1249 Psalmi
739 1172 938 1246 intellectus
960 1174 1158 1265 dependet,
1200 1201 1230 1251 1.
1251 1182 1449 1259 notandum

158 1346 169 1367 ,
282 1277 358 1367 est,
384 1298 467 1364 eos,
492 1275 551 1367 qui
577 1273 635 1345 hic
655 1271 821 1366 supplicia
837 1268 1065 1357 suafaciunt,
1091 1270 1341 1352 effelsraelitas
1363 1274 1469 1354 exu·'

283 1374 360 1464 ies,
385 1396 405 1447 a
424 1372 569 1464 reliquis
581 1370 769 1457 fratribus,
795 1367 915 1460 patriae
925 1367 1181 1459 jamredditis,
1196 1367 1360 1450 diversos.
1397 1374 1451 1448 Is.⁴

283 1476 422 1546 caelitus
449 1468 484 1541 se
517 1468 691 1562 produnt,
731 1466 827 1561 quod
858 1484 901 1538 ex
926 1465 1053 1558 populi
1073 1463 1147 1565 Dei
1166 1461 1387 1544 restitutione
1408 1490 1448 1549 et

283 1568 385 1655 suam
404 1580 572 1663 urgeant,
599 1564 753 1653 indicio,
778 1560 812 1635 se
832 1562 877 1635 ad
890 1564 1043 1637 eundem
1055 1562 1232 1655 populum
1246 1564 1447 1663 pertinere,

284 1688 354 1745 nec
376 1684 451 1739 non
473 1663 569 1756 quod
591 1660 798 1737 Cananaeam
823 1672 945 1731 terram
973 1658 1151 1752 adpellent
1162 1657 1261 1752 suam
1283 1660 1447 1753 vers.10,

283 1784 346 1857 13.
368 1761 520 1853 denique
541 1757 638 1852 quod
657 1758 694 1832 in
715 1752 883 1851 prorniffis
899 1761 1018 1851 populo
1032 1753 1102 1829 Dei
1116 1754 1216 1830 latiis
1227 1777 1376 1850 precum
1390 1780 1448 1832 ex·

280 1858 505 1937 auditionem
524 1854 697 1941 fundent,
728 1850 818 1927 vers.
837 1875 871 1946 9.
910 1852 992 1929 Else
1012 1869 1132 1929 autem
1152 1857 1280 1942 exules,
1313 1855 1384 1929 bne
1400 1854 1450 1928 fa·

284 1957 385 2031 voris
402 1955 473 2027 Dei
497 1952 634 2026 indiciis
650 1953 880 2040 oberrantes,
904 1964 942 2044 et
957 1950 1018 2022 irae
1038 1950 1109 2024 Dei
1123 1948 1216 2047 ligna
1231 1951 1346 2025 adhuc
1360 1975 1447 2045 prae-

285 2054 466 2139 ferentes,
491 2047 572 2144 ipsae
599 2069 743 2142 preces,
769 2068 960 2139 earumque
983 2047 1139 2137 occafio,
1170 2068 1274 2140 quam
1294 2048 1445 2127 fratrum

154 2219 158 2227 .
281 2137 487 2224 instauratio
507 2146 704 2241 prebebat,
730 2146 822 2219 clare
844 2146 1029 2219 evincunt.
1085 2144 1141 2218 Ex
1160 2166 1231 2237 quo
1245 2148 1353 2221 etiam
1371 2149 1446 2220 elu-

238 2296 242 2302 -
277 2260 361 2333 cet,
395 2266 457 2317 eos
479 2242 548 2317 effe
572 2246 616 2319 ab
635 2243 797 2318 Israelitis
818 2241 1007 2315 reducibus
1027 2242 1215 2317 interram
1237 2241 1445 2321 Cananaeam

145 2422 146 2425 i
280 2342 459 2419 diversos:
481 2340 628 2433 cujus&
646 2342 685 2417 in
702 2364 748 2414 eo
760 2338 812 2413 est
826 2353 1092 2437 argumentum,
1107 2340 1203 2433 quod
1217 2339 1352 2436 diuersa
1365 2365 1445 2436 per·

280 2438 376 2515 fonae
398 2438 646 2525 adhibeantur,
678 2458 769 2511 cum·
782 2435 825 2508 de
846 2436 1033 2511 reducibus
1056 2438 1090 2508 &
1112 2437 1157 2508 de
1179 2436 1214 2511 sc
1235 2438 1442 2529 loquuntur.

278 2534 402 2611 Deum
421 2547 525 2608 terrae
535 2530 608 2627 sna
628 2532 662 2605 ἀ
678 2537 794 2628 populo
805 2531 868 2628 suo
890 2531 960 2607 sese
984 2535 1178 2627 propitium
1191 2533 1441 2609 demonsttaffe

280 2630 424 2720 dicunt,
449 2630 503 2721 δι,
531 2642 570 2705 ut
583 2627 645 2703 srbi
658 2630 811 2706 eundem
824 2630 988 2705 favorem
1002 2628 1160 2725 prestet,
1186 2647 1305 2706 orant.

328 2732 361 2819 §.
379 2728 440 2802 lli.
500 2748 533 2800 2.
568 2725 663 2800 Hinc
691 2728 842 2805 alterum
872 2726 1098 2803 observatum
1119 2728 1243 2824 sponte
1264 2727 1442 2823 insiluit,
1582 2706 1587 2717 ⁸

277 2827 400 2903 exules
423 2825 489 2900 hos
504 2822 675 2897 Israelitas
688 2822 838 2911 eodem,
863 2824 987 2899 &non
1000 2823 1160 2911 diverso,
1185 2836 1347 2917 ternpore
1360 2849 1441 2916 pre·

272 2944 337 2999 ees
349 2972 352 2979 ι
358 2944 425 3017 pro
438 2920 497 2994 sua
509 2919 723 2995 liberatione
735 2917 877 3007 feciffe,
902 2940 977 3010 quo
991 2916 1117 3010 reliqui
1132 2916 1257 2995 fratres
1271 2941 1349 2993 non
1363 2937 1440 2995 tan·

277 3032 357 3095 tum
377 3020 413 3093 in
430 3016 581 3113 patriam
596 3016 708 3093 effent
727 3015 877 3105 reverti,
903 3015 963 3089 sed
976 3012 1158 3099 summain
1173 3036 1220 3097 eo
1232 3015 1436 3092 faterentur

277 3113 531 3211 prosperitate,
558 3114 721 3189 omnibus
743 3112 997 3189 calamitatibus
1016 3110 1192 3202 defuncti,
1218 3114 1309 3187 &ab
1324 3116 1437 3188 omni·

276 3214 343 3290 bus
357 3212 417 3285 irae
437 3210 510 3283 Dei
523 3208 623 3321 fignis
638 3208 820 3287 &effectis
835 3208 960 3287 liberi
998 3210 1079 3286 Huc
1092 3233 1158 3284 nos
1171 3208 1439 3294 manifestcdu·

273 3308 327 3384 cit
354 3307 529 3404 oppofitio
555 3320 650 3381 mter
671 3306 770 3383 suum
797 3308 1001 3383 &fratrum
1027 3307 1197 3383 reducum
1220 3307 1366 3399 statum,
1393 3310 1442 3390 ab.

274 3407 477 3483 oratoribus
498 3405 593 3476 hisce
613 3402 781 3478 instituta.
830 3404 921 3480 Cum
943 3404 1126 3495 dixiffent,
1155 3403 1313 3497 reduxisti
1334 3410 1437 3499 capti·
1498 3436 1504 3445 ·
1594 3428 1598 3435 ’

276 3506 417 3575 uitatem
442 3499 562 3599 Jacoli
581 3498 647 3573 &c
662 3499 698 3572 cia
716 3522 799 3575 mox
820 3499 894 3593 subj
970 3518 1052 3591 ant,
1073 3504 1170 3587 reduc
1178 3526 1241 3577 uos
1255 3502 1323 3577 &a
1340 3504 1435 3574 clare

276 3594 489 3693 significant,
513 3594 678 3671 fratribus
688 3608 795 3669 terrae
810 3596 878 3671 soa
893 3524 1137 3686 rffitutiat&
1151 3598 1320 3691 proipere
1330 3620 1436 3695 agen·

278 3694 395 3781 tibus,
427 3691 462 3765 se
489 3716 571 3769 cum
597 3690 739 3786 pristina
760 3694 957 3767 calamitate
981 3694 1094 3769 adhuc
1115 3694 1247 3767 lucian.
1303 3692 1435 3769 Errant

273 3791 416 3883 itaque,
443 3788 502 3881 qui
527 3788 660 3863 diversa
685 3790 841 3883 eiusdem
855 3792 980 3883 populi
991 3804 1177 3885 tempora,
1197 3790 1324 3867 &non
1343 3793 1433 3883 cius·

277 3888 361 3963 dem
388 3884 556 3980 temporis
584 3884 734 3961 diversas
763 3884 926 3979 personas
956 3884 1076 3959 secum
1095 3884 1254 3960 conferri
1275 3888 1432 3964 censent

280 4052 284 4063 .
318 4006 363 4059 uo
382 3982 538 4071 accedit,
564 3980 699 4055 nullum
720 3980 841 4077 dioerfi
860 3981 1032 4079 temporis
1044 4005 1232 4058 occurrero
1246 3985 1434 4076 indicium,

276 4076 494 4170 mseriarum
520 4077 747 4181 personarum
771 4077 1029 4179 'clariffimums
1068 4096 1109 4159 ut
1134 4081 1243 4161 modo
1270 4082 1435 4159 vidimus

277 4250 290 4283 ι.
337 4198 340 4205 “
713 4266 718 4273 ,
788 4170 997 4279 Hhhhhg
1133 4192 1138 4200 '
1315 4162 1439 4277 Quid}
