3900 5117
325 513 333 531 '
484 546 561 637 pq
688 542 1492 631 connanrARrus

486 740 542 817 ita
559 754 603 815 ut
621 743 742 835 primo
757 740 860 817 sensu
879 744 1082 838 Salomonis,
1103 746 1258 822 secundo
1274 745 1309 819 o
1322 746 1444 839 typico
1457 742 1659 819 Meffiaede·

489 838 675 919 scribatur.
727 840 781 912 Ex
796 840 914 916 nostra
929 843 1222 941 uerohypothesr
1229 860 1340 938 parrer
1357 843 1433 931 PE,
1459 844 1565 919 modo
1586 866 1659 919 rne-

469 951 656 1025 *moratae,
684 936 934 1035 distinguenda
958 942 1055 1029 smrt,
1082 944 1228 1112 &mr
1244 939 1431 1015 reserenda
1445 941 1497 1014 est
1511 942 1554 1014 ad
1565 942 1659 1015 Salo·

486 1056 637 1113 monem
655 1034 789 1127 ipsum,
819 1036 974 1131 posterior
997 1039 1044 1111 ad
1055 1039 1118 1109 Me
1220 1089 1232 1128 ,
1259 1056 1406 1128 utraque
1421 1037 1575 1127 diredle,
1600 1038 1659 1113 sed

488 1131 691 1225 posterior,
725 1155 809 1207 cum
821 1152 995 1229 perpetua
1007 1134 1054 1207 ad
1063 1136 1289 1213 ,Salomonem
1306 1132 1498 1208 adlufione
1548 1134 1658 1229 eujus

487 1226 648 1303 distnrea
674 1230 777 1303 nobis
801 1232 981 1321 reddenda
1003 1229 1055 1302 est
1074 1232 1175 1303 ratio.
1228 1227 1379 1301 Priorem
1391 1243 1552 1320 partem,
1578 1255 1659 1325 quae
1800 1227 1803 1233 ’

481 1322 670 1423 precatoria
692 1325 764 1413 est,
798 1326 890 1399 vers.
914 1348 1043 1417 1-4,
1069 1324 1201 1399 diresle
1223 1324 1269 1398 ad
1286 1326 1513 1402 Salomonem
1528 1331 1659 1404 retule-

486 1421 577 1509 rim,
611 1418 740 1513 &pro
756 1421 1042 1512 introductione,
1072 1422 1138 1499 seu
1155 1437 1254 1517 parte
1282 1422 1489 1497 occasionali
1512 1424 1658 1519 Psalmi,

484 1538 609 1611 quem,
629 1514 702 1609 seq,
727 1538 806 1611 pars
828 1522 971 1616 proprie
998 1520 1205 1610 constituit,
1233 1522 1432 1597 habuerim.
1484 1522 1656 1601 Rationes

467 1612 588 1707 quant,
628 1636 657 1688 1.
679 1614 780 1709 quod·
795 1616 918 1693 titulus
941 1626 1033 1717 regie
1048 1619 1083 1693 dt
1091 1616 1163 1713 filii
1179 1624 1270 1715 regie.
1282 1619 1516 1697 Salomonem.
1524 1621 1656 1697 diretta

480 1706 637 1788 definite.
655 1712 829 1795 videatur.
892 1716 970 1791 Etsr
987 1716 1087 1791 enim
1106 1712 1248 1791 Merrae
1273 1740 1415 1811 quoque
1442 1714 1541 1811 filius
1569 1726 1659 1817 regie

482 1809 657 1903 adpellari
671 1826 797 1905 queat,
825 1827 997 1907 quatenus
1010 1812 1063 1891 est
1073 1813 1113 1889 oc.
1122 1828 1275 1891 vocatur
1284 1812 1383 1909 filim
1397 1814 1546 1891 Daoidis
1552 1845 1567 1908 ,-
1583 1840 1659 1895 noa

482 1926 555 1996 20,
582 1906 646 1980 sed·
669 1908 745 1983 alio:
760 1910 866 1985 deuio
888 1914 1094 1988 sublimiore
1108 1910 1189 1988 usus
1211 1911 1339 1999 fuisset.
1353 1930 1481 2009 poeta,
1507 1929 1546 1989 ut
1560 1914 1655 1987 vide·

343 2001 348 2013 '
484 2014 571 2093 ur,
608 2003 809 2103 fiMeffiam
830 2008 960 2085 diresle
984 2011 1164 2109 defignme
1194 2010 1362 2087 voluisset
1377 2036 1396 2100 ς,
1430 2011 1654 2105 quemadmo-

482 2100 577 2181 dum
592 2098 645 2177 Ps.
668 2126 722 2205 err.
764 2104 945 2185 Dominum
957 2108 1059 2205 ficum
1076 2130 1163 2186 etun
1179 2108 1331 2204 adpellat
1343 2109 1483 2199 David,
1508 2109 1545 2181 ἃ
1556 2110 1661 2183 domi·-

480 2213 654 2290 narrrem,
686 2200 806 2281 aSam.
827 2226 933 2283 xrcm.¹
942 2257 961 2297 ‚.
979 2230 1048 2282 nec
1062 2206 1227 2301 usquam,
1243 2225 1417 2300 quantum
1426 2206 1620 2295 succurrit,
1632 2226 1661 2280 a.

481 2292 652 2382 Davide,
677 2314 737 2375 atat
758 2302 796 2375 in
817 2302 891 2394 Ps,
905 2302 1003 2398 filius
1023 2304 1180 2381 Daoidir:
1195 2304 1490 2400 cognominatur,
1530 2302 1652 2393 nequi
1779 2350 1796 2379 .

481 2394 575 2469 dem.
595 2392 716 2469 asana.
739 2418 805 2471 vra
834 2422 873 2473 a.
885 2405 1048 2497 precario,
1083 2417 1129 2477 ur,
1148 2401 1246 2475 Deus
1266 2398 1329 2495 ipfi
1343 2401 1393 2473 der
1410 2396 1572 2495 jura-suu
1580 2398 1657 2473 dte.

484 2488 738 2600 hildelsefflus
747 2514 821 2588 pro,
830 2496 1023 2574 Salomone
1034 2498 1115 2591 fiat,
1141 2522 1246 2595 quarn
1259 2495 1408 2589 Mesia,
1427 2496 1487 2591 qui
1501 2517 1660 2589 quemn*

482 2584 530 2662 dr.
540 2594 726 2680 precatione
749 2612 838 2685 opus
859 2596 1083 2687 nonhabet,
1107 2620 1194 2676 cum
1202 2602 1280 2694 jura
1292 2596 1393 2688 Dei,
1406 2611 1573 2688 mantuam
1594 2591 1660 2667 srbi

485 2684 652 2779 propria,
678 2686 817 2765 habeat.
866 2694 975 2769 Aliud
995 2692 1047 2778 est
1059 2718 1191 2789 orare„
1207 2714 1249 2775 ut
1262 2718 1411 2797 regnum
1424 2695 1498 2787 ejus
1514 2691 1663 2790 veniat,

482 2794 548 2859 aut
569 2780 723 2859 feliciter
737 2786 922 2881 succedat,
945 2792 1075 2888 dequo
1090 2795 1239 2870 advers.
1258 2818 1336 2886 15„
1360 2794 1475 2881 aliud,
1501 2800 1541 2862 ut
1556 2788 1657 2861 Deus

481 2876 606 2973 ipsun
613 2880 789 2959 informet
803 2886 841 2959 de
853 2888 979 2987 dirigat
992 2892 1028 2967 in
1039 2895 1119 2985 iure
1135 2893 1170 2965 δι
1180 2891 1317 2981 justitia.
1325 2890 1417 2957 Deir
1443 2883 1543 2975 quod·
1552 2884 1654 2972 phra-

482 2974 531 3053 fis
547 2981 692 3072 proprie
718 2981 877 3062 denotat.
929 3012 962 3081 3··
986 2987 1095 3085 Quod
1114 2985 1215 3079 regni
1235 2978 1491 3053 administratio
1505 2975 1598 3069 justa
1618 2974 1654 3049 dt

482 3070 653 3244 Bactifica,
667 3098 814 3169 precum
831 3080 959 3179 scopus
970 3083 1009 3155 dr
1018 3080 1186 3167 effetam,
1198 3074 1428 3172 restringatur
1440 3075 1654 3172 adpopulum

546 3172 582 3256 i,
610 3168 670 3245 seu
697 3172 865 3256 lsraelem
885 3204 937 3256 eo·
950 3177 1112 3271 epitheto
1133 3174 1287 3271 insrgniri
1310 3172 1472 3263 solitum;
1511 3194 1596 3247 cum
1617 3172 1659 3247 in·

421 3280 446 3313 >
483 3260 565 3358 seq..
578 3281 682 3361 parte
702 3294 859 3372 regnum.
877 3271 1078 3353 uniuersale¹
1091 3294 1156 3368 per
1169 3274 1294 3347 orbem
1312 3270 1532 3368 depingatur.
1582 3269 1654 3343 De·

484 3362 594 3457 nique
639 3388 674 3457 4.
695 3373 790 3462 quod
811 3374 884 3469 regi
899 3372 956 3444 hic
971 3386 1112 3447 tantum
1126 3370 1347 3444 adtribuatur
1362 3369 1556 3442 vindicatio
1567 3386 1657 3459 pau·
1717 3418 1723 3437 .

482 3478 613 3633 ferum
634 3486 697 3557 per
714 3466 805 3559 justa
824 3470 857 3543 δι
877 3492 975 3563 equa
994 3470 1151 3565 judicia„
1170 3487 1367 3560 eorumque
1382 3465 1650 3549 executionem,

499 3556 546 3631 ed
567 3559 610 3632 in·
624 3562 734 3638 altera
755 3582 856 3661 parte
878 3568 986 3667 longe
1002 3566 1219 3641 illustrior&
1233 3560 1594 3660 potentior-liberatio
1609 3577 1658 3630 ae·
1722 3620 1725 3625 .

483 3654 680 3734 redemtio:
713 3684 777 3735 rex
798 3664 872 3761 ipse
896 3688 1038 3760 quoque
1060 3666 1109 3737 ibi
1131 3679 1352 3759 proponatur
1371 3677 1540 3753 tanquam
1554 3654 1658 3747 obje-

477 3744 586 3825 ¹stum·
596 3756 831 3848 adorationis,
858 3760 1300 3849 &causabenedlffionim
1326 3760 1394 3833 dte.

503 3944 512 3957 ·
535 3850 568 3937 ς.
585 3846 685 3927 Vlll..
722 3852 936 3948 Posteriorrm
952 3882 1041 3933 vero
1057 3874 1191 3952 partem
1207 3857 1338 3953 diredle
1352 3858 1395 3929 ad
1411 3856 1652 3948 Messiamper·

483 3954 622 4035 ‘melea
645 3948 732 4025 licet
753 3974 836 4029 cum
853 3955 1040 4030 manifesta
1060 3955 1239 4029 adlusrone
1261 3958 1303 4028 ad
1324 3956 1572 4040 Salomonem,
1605 3950 1651 4023 de

481 4060 556 4139 φᾶ
568 4064 693 4127 omnes
705 4048 845 4143 phrases
860 4050 1258 4146 testantur,sequentes
1272 4048 1358 4125 mihi
1371 4045 1583 4141 persuadent
1599 4070 1652 4156 ro

1178 4162 1183 4172 '
1586 4155 1660 4215 tlo-
