3900 5117
493 609 567 712 με
663 567 1476 668 coniectarentur

500 787 694 873 elucescit,
732 803 798 857 nos
822 801 897 856 non
917 777 989 854 fine
1007 777 1146 852 ratione
1169 777 1265 851 hunc
1284 791 1456 851 eventurn
1476 775 1659 868 metuere,

499 891 584 984 quin
599 878 795 977 exspettere
804 927 817 968 ,
844 877 896 952 uti
912 876 1021 952 modo
1036 875 1126 947 vers.
1141 895 1253 966 5-7.
1268 873 1531 949 declaravimus.
1576 871 1658 972 Qua

500 985 639 1068 ratione
660 999 771 1055 nexus
786 978 915 1052 horum
929 975 1122 1046 verborum
1137 992 1219 1044 cum
1233 975 1384 1064 praeced.
1399 973 1525 1064 sponte
1539 967 1598 1040 sua
1611 969 1659 1041 se·

498 1079 535 1156 se
549 1077 671 1154 offert.
709 1072 778 1150 Sed
791 1074 834 1146 ad
850 1067 1207 1148 interiectumeormn
1221 1085 1303 1142 ante
1325 1072 1447 1144 omnia
1464 1068 1661 1143 notandum

499 1173 572 1265 est,
581 1189 725 1270 poetam
739 1167 897 1246 hostibus
912 1166 1114 1241 adtribuere
1130 1187 1202 1236 cum
1218 1167 1436 1258 propofitunr
1450 1162 1559 1239 fixttm
1568 1212 1581 1251 ,
1591 1177 1663 1236 turn

498 1261 737 1370 imaginariam
757 1265 1007 1362 gloriationem
1020 1262 1243 1354 anticiparem
1258 1261 1361 1356 super
1374 1286 1413 1335 re
1425 1265 1564 1351 futura,
1587 1275 1667 1335 tan·

501 1363 811 1464 quarnpraesente,
833 1363 868 1433 ἂ
881 1357 1031 1453 petatio.
1064 1357 1154 1456 Quae
1168 1358 1241 1432 duo
1256 1377 1297 1430 ut
1309 1361 1358 1432 ob
1373 1360 1496 1434 oculos
1509 1357 1668 1446 sisteret,
1813 1361 1816 1369 '

501 1465 700 1541 sermonem
721 1457 902 1555 elegantiae
924 1453 1026 1529 causa
1042 1455 1211 1543 variavit,
1238 1455 1277 1527 δι
1292 1462 1450 1532 membra
1475 1456 1594 1529 versus
1609 1454 1660 1526 di-

501 1553 606 1646 uerso
628 1557 738 1632 modo
759 1554 1006 1641 concinnavit,
1037 1551 1072 1623 dc
1097 1549 1238 1625 concise
1259 1557 1427 1646 protulit,
1453 1575 1498 1629 er
1516 1553 1551 1626 se
1569 1553 1669 1626 invi·-

501 1680 581 1739 cem
600 1652 812 1749 supplenda3
837 1650 889 1732 uti
911 1648 1001 1742 sape
1019 1645 1118 1737 fieri,
1142 1650 1320 1743 praecipue
1334 1654 1371 1726 in
1385 1654 1478 1745 stylo
1491 1649 1670 1744 poetico,

499 1753 602 1838 solet.
652 1751 759 1834 Plena
776 1751 894 1841 itaque
907 1745 1005 1824 foret
1017 1746 1154 1820 oratio:
1176 1747 1330 1820 dixerunt
1344 1755 1382 1821 r'n
1395 1752 1484 1822 corde
1488 1747 1570 1841 suo,
1594 1772 1676 1820 era-1

501 1851 641 1937 ditonus
661 1869 711 1922 eos
734 1852 871 1934 uniter,
892 1847 1112 1921 cnrdurcrnus
1132 1849 1241 1916 omnia
1259 1849 1330 1917 ura
1350 1861 1527 1920 conventus
1543 1843 1611 1918 Dei
1626 1852 1676 1923 in.

501 1963 621 2036 terrae
642 1943 782 2036 insuper
804 1945 979 2030 diruunt,
999 1939 1238 2014 adnavimus
1259 1963 1328 2033 eos,
1352 1944 1389 2016 dc
1412 1940 1663 2039 contufflruue,

501 2045 565 2124 vel
586 2039 769 2118 combusta
788 2038 891 2127 sunt,
923 2041 1039 2114 omnia
1054 2041 1124 2110 loca
1143 2055 1322 2112 conventus
1345 2039 1435 2131 Dei,
1467 2042 1602 2116 scilieet
1622 2045 1665 2124 in

502 2126 593 2221 corde
614 2138 698 2230 suo,
721 2135 913 2220 secundum
932 2133 1201 2231 imaginationes
1220 2135 1472 2231 &anticipatas
1484 2139 1663 2238 gloriatio·

500 2259 571 2330 nes-
586 2234 682 2318 suas„
722 2232 826 2313 Prius
847 2233 1066 2321 membrum,
1098 2230 1246 2325 sequens
1267 2235 1372 2308 etiam
1386 2237 1592 2328 involvens,
1618 2245 1673 2315 ad·

497 2331 699 2433 proposttum
721 2353 848 2410 corum
870 2330 1049 2422 pertinet,
1075 2326 1264 2424 ροβενίιις,ν
1285 2332 1382 2422 prius
1401 2353 1541 2424 quoque
1563 2359 1660 2412 corn·

411 2459 416 2468 ·
502 2427 801 2526 prehendens,ad
812 2424 1038 2518 anticipatam
1051 2424 1088 2498 dc
1101 2425 1342 2523 imaginariam
1350 2427 1592 2524 gloriationem
1600 2449 1672 2507 eo:

502 2520 766 2622 rumrespicit:
792 2521 888 2617 quod
901 2523 1238 2618 utrumque-phrati,
1264 2525 1367 2597 dicere
1381 2529 1541 2618 incerte,
1568 2551 1670 2606 com·

502 2619 676 2720 prehendi
697 2617 835 2712 potest,
860 2641 942 2694 cum
960 2620 996 2693 dc
1011 2635 1208 2716 proponere,
1233 2619 1268 2691 dt
1281 2624 1422 2716 gloriari
1434 2622 1552 2700 secum
1565 2626 1601 2698 dt
1616 2652 1667 2700 re·

499 2731 639 2817 were,
665 2717 835 2798 denotare
850 2715 964 2813 poffit.
1013 2715 1385 2816 combusseruntitaque
1398 2743 1472 2795 non
1485 2723 1589 2813 dicit,
1605 2745 1673 2799 eor

504 2817 578 2914 jam
592 2829 679 2912 time
693 2816 730 2903 id
745 2815 884 2906 fecitte,
908 2829 949 2890 ut
956 2816 1076 2910 accipi
1090 2811 1202 2905 solet,
1222 2811 1488 2890 sedsecundum
1502 2819 1668 2911 imagina-

504 2899 594 2985 ri'am
606 2909 701 2987 suam
715 2915 831 2989 cordis
843 2912 1128 3009 praesumtionem
1138 2909 1434 3003 jam-praeffldffe,
1459 2911 1503 2980 de
1517 2931 1557 2980 re
1571 2913 1672 2986 futu-

504 3031 563 3096 ra,
585 3021 750 3104 tanquam
768 3015 842 3105 jam
861 3011 972 3102 fatte,
995 3011 1202 3100 loquentes,
1225 2999 1455 3094 ccrrtbufferunt
1474 3002 1607 3083 scilicet
1629 3016 1668 3085 in

505 3106 691 3198 cartesae,
721 3113 778 3179 eri·
794 3114 840 3180 tn-
853 3108 1183 3197 corteloquunnm
1215 3116 1308 3168 voce
1330 3096 1390 3167 vel
1409 3097 1520 3191 phrasi
1542 3105 1600 3177 illa
1621 3129 1671 3183 ex

506 3201 657 3296 praced.
677 3221 742 3294 per
762 3205 896 3297 eliiptin
910 3196 1112 3284 intellecta:
1144 3193 1558 3304 piane-quemadmodum
1572 3201 1665 3279 Dan.

505 3317 631 3471 Qec,
645 3319 718 3466 33,
744 3299 995 3472 ‘fficieffffle
1008 3291 1180 3368 Antiochi
1192 3288 1403 3386 Eponam:
1418 3296 1471 3370 uti
1484 3297 1521 3372 in
1533 3321 1664 3377 comni.

587 3415 628 3467 ro
669 3417 751 3472 emo
844 3417 970 3469 mmus.

515 3471 522 3490 ⁸
554 3494 587 3582 §.
602 3489 713 3566 XXII.
755 3493 853 3566 Nihil
867 3489 1041 3581 superest,
1090 3513 1171 3568 uam
1184 3506 1226 3564 ut
1241 3489 1285 3563 d'e
1301 3496 1415 3568 verbo
1429 3499 1615 3586 eradicare,
1630 3497 1668 3571 &

348 3589 355 3606 “
504 3587 618 3683 phrafi
639 3603 855 3680 conventuum
868 3585 937 3660 Dei
953 3591 991 3661 in
1007 3603 1117 3679 terre,
1141 3587 1272 3682 adiquid
1285 3611 1461 3668 moneam.
1507 3594 1672 3669 Verbunr

507 3710 569 3757 oni
588 3687 683 3759 verti
704 3685 936 3759 eradicabimur
949 3709 1020 3775 eos,
1044 3685 1182 3761 secutus
1197 3707 1262 3758 eos
1279 3685 1517 3782 Interpretes,
1543 3695 1602 3787 qai
1615 3715 1667 3766 ra-

393 3865 397 3872 ,
507 3779 624 3854 dicem
645 3779 799 3857 statuunt
818 3809 886 3872 nn,
913 3781 1033 3875 &pro
1043 3787 1157 3857 verbo
1172 3804 1254 3856 cnm
1267 3779 1383 3876 adfixo
1396 3787 1545 3862 habent:
1569 3789 1668 3882 quod

506 3875 611 3966 unice
625 3876 882 3956 admittendum
897 3877 968 3967 est,
996 3879 1035 3951 dc
1046 3880 1115 3950 huc
1128 3879 1283 3972 quadrat.
1333 3879 1445 3953 Radix
1460 3885 1602 3974 proprie
1616 3886 1666 3957 di-

504 3975 576 4072 cit,
599 3977 762 4061 calcavit,
778 3979 1008 4063 detruncavit,
1023 3975 1105 4048 inde
1121 3977 1322 4058 ammovit,
1341 3975 1433 4045 &sie
1446 3976 1662 4069 debilitavit,

502 4089 618 4145 nervo
631 4069 788 4147 remiffo:
812 4073 872 4172 ιψι
886 4073 1012 4148 teritur
1025 4094 1097 4146 cum
1110 4071 1148 4148 in
1162 4066 1381 4164 oppccffione
1395 4070 1570 4239 violent&
1591 4099 1663 4164 gua

692 4229 698 4248 ,
1552 4169 1663 4244 terius
