3900 5117
409 479 414 486 '
486 495 581 580 frti
629 479 729 568 eb
775 493 812 570 A
859 495 994 572 Lete
1073 492 1294 578 Lei-xime·
1395 512 1471 607 429

297 698 440 775 alterins
462 697 568 768 crur'a
581 687 840 788 infringuntur,
866 690 936 766 tum
950 691 1242 786 defraudatione,
1265 687 1332 790 oua
1349 688 1390 773 ee
1405 704 1462 776 de·

295 813 494 871 curtantur.
543 786 677 862 Nostro
705 788 809 879 loco,
839 793 1122 864 connumeremur
1143 815 1220 882 eos,
1249 793 1321 882 est,
1346 821 1460 875 nervo

295 890 409 990 inciso
429 890 479 962 ita
493 885 729 960 mutilabimus
743 909 825 974 eos,
852 903 891 962 ut
904 890 1068 984 vigorem
1083 909 1263 982 nunquam
1278 900 1463 986 recupera²

296 1011 337 1064 re
360 998 516 1079 queant,
549 984 732 1056 imovero
759 986 992 1056 eradicabimus
1012 1007 1086 1073 ror,
1117 1002 1159 1058 ut
1178 988 1319 1084 penitus
1340 989 1461 1063 flacce.

297 1071 414 1172 scant,
440 1080 529 1156 &in
555 1079 705 1154 nibilum
724 1080 902 1169 recidant,
933 1083 1104 1156 memoria
1118 1103 1247 1158 eorum
1258 1084 1397 1177 deleta,
1423 1104 1461 1163 et

297 1181 396 1258 omni
422 1176 527 1270 stirpe
549 1175 683 1250 recisae
698 1177 744 1250 sse
764 1179 894 1273 gladius
917 1203 974 1251 mr
997 1179 1089 1270 apud
1112 1177 1184 1271 Jer.
1200 1179 1457 1277 ellemaro,

296 1294 340 1352 et
349 1287 602 1362 averruncetur,
617 1289 657 1347 ut
669 1273 712 1345 ad
727 1297 760 1346 c.
773 1297 854 1347 xxv.
870 1273 1148 1348 observavimus.
1197 1276 1265 1349 Sed
1279 1281 1362 1368 quid
1378 1279 1459 1357 sunt

295 1397 400 1449 omnes
414 1385 592 1444 conventus
611 1369 707 1442 Dei?
715 1393 788 1444 non
810 1369 977 1465 Templum
992 1370 1193 1462 fimpbciter
1207 1388 1246 1445 et
1259 1375 1365 1462 atria,
1374 1400 1456 1453 cunr

227 1529 231 1550 .
292 1469 366 1566 ipsa
386 1468 608 1561 Metropoli,
638 1468 764 1559 quibus
785 1489 918 1542 nomen
933 1467 1024 1559 plur.
1038 1482 1215 1539 conventus
1228 1466 1298 1541 Dei
1312 1471 1455 1562 quidem

294 1567 496 1654 convenit,
527 1563 690 1656 utsupra
712 1565 880 1651 vidimus,
912 1561 971 1635 sed
993 1586 1067 1636 non
1090 1584 1194 1636 omnes
1212 1571 1400 1655 cinerentur}
1416 1575 1453 1643 in

293 1681 408 1753 terra3
431 1661 544 1738 multo
559 1661 675 1735 minus
690 1663 787 1756 loca,
813 1661 939 1756 quibus
954 1659 1053 1732 Deus
1066 1657 1136 1731 sese
1151 1661 1197 1732 ali
1221 1654 1451 1741 ‚Patriarehis

293 1778 330 1844 et
349 1757 810 1854 majoribusmanifestevit,
836 1757 933 1850 quod
946 1757 1043 1830 addit
1058 1755 1113 1836 ct.
1125 1755 1287 1853 Vitrrnga
1302 1791 1341 1848 a,
1356 1760 1452 1853 quod

290 1856 444 1934 insolens
465 1854 535 1944 est,
567 1870 604 1928 et
623 1877 748 1950 perum
771 1852 1041 1940 autemeam,
1067 1875 1149 1926 cum
1168 1853 1342 1950 Templum
1355 1867 1460 1932 nunc‘

202 1954 207 1960 ’
291 1956 416 2035 unicus
438 1951 525 2026 'eiset
547 1952 644 2026 locus
666 1966 844 2024 conventus
866 1949 955 2039 Dei,
996 1965 1036 2024 et
1055 1947 1172 2022 hostes
1191 1950 1269 2024 fora
1283 1953 1342 2025 iila
1355 1953 1448 2028 saera

291 2053 434 2144 antiqua
470 2050 690 2144 ignorarint,
732 2061 802 2121 aot·
821 2069 943 2141 parum
967 2048 1150 2136 curarintr
1191 2051 1365 2140 nomilia,
1398 2053 1450 2126 irr-

291 2171 416 2243 quam,
442 2144 520 2234 sed,
544 2169 618 2240 quae
642 2147 867 2222 communior
888 2143 939 2216 est
959 2141 1155 2233 sententia,
1181 2144 1260 2218 loca
1274 2145 1451 2225 sacrorum

288 2244 468 2332 exercitio
481 2238 650 2333 destinata
672 2260 802 2339 praeter
824 2240 1043 2334 Templum,
1062 2263 1138 2335 quae
1152 2242 1299 2316 nomine
1304 2243 1447 2341 synago·

287 2342 501 2440 garum‘alias
516 2339 686 2427 ueniunt,
710 2349 743 2414 et
753 2337 1019 2434 prostrationem,
1042 2340 1165 2433 quibus
1179 2339 1451 2434 hoc'epitheton

288 2437 384 2516 reste
407 2441 596 2522 conuenit,
626 2453 663 2508 et
681 2435 738 2508 hic
760 2434 854 2508 reete
868 2436 1105 2527 locurdatur,
1131 2459 1212 2511 cum
1228 2439 1297 2511 hoc
1312 2447 1450 2534 temp'o·

290 2553 330 2606 re
345 2531 792 2626 ubiqueperCanrnaeam,
826 2548 888 2608 aut
908 2533 1086 2626 Judaeum,
1108 2535 1341 2610 obtinuerint
1393 2535 1450 2610 Ex
1568 2613 1574 2619 ,

290 2647 365 2719 quo
388 2642 505 2701 tamen
527 2629 763 2724 colligendum
772 2651 847 2706 non
861 2630 1144 2730 est,‘synagogas
1157 2633 1377 2724 temporibus
1391 2654 1454 2704 an·

291 2722 506 2816 tiquioribus.
523 2727 597 2818 jam
616 2725 743 2816 fuiiie3.
761 2749 843 2802 cum
861 2729 1040 2800 incertum
1061 2729 1101 2798 fit
1123 2741 1281 2816 tempus,
1310 2751 1381 2818 quo
1394 2726 1445 2800 Pi.

288 2819 342 2896 est
369 2821 581 2915 compostus
595 2873 628 2914 ,..
644 2823 711 2897 'et'fi
741 2825 901 2923 tempore
921 2821 1093 2909 Doridis,
1124 2835 1230 2912 poeta
1253 2823 1291 2892 in
1314 2820 1457 2891 visrone'
1553 2823 1556 2830 '

287 2939 384 3011 aeque
407 2920 601 3010 previdere
615 2921 744 3015 ,potuit
765 2921 941 3015 ejusmodi
959 2922 1128 2993 locatum
1142 2915 1284 3000 fletum,
1309 2915 1449 2987 ac'reir·

286 3037 355 3110 qua
378 3013 477 3102 fata,
508 3018 566 3090 hie
587 3017 855 3111 representare,
881 3039 957 3112 quae
979 3017 1125 3092 nomine
1141 3015 1294 3114 generali
1313 3037 1451 3089 conven-

286 3126 380 3184 ruem
399 3109 469 3182 Dei
488 3129 568 3204 apte
589 3115 752 3210 iniignire
772 3115 914 3208 potuit,
946 3117 1077 3210 quippe
1096 3111 1158 3186 suo
1183 3124 1353 3206 tempore*
1368 3111 1449 3188 satis

285 3221 442 3300 recepto·
457 3205 504 3278 de
520 3207 606 3278 locis
620 3208 728 3296 :sacris
743 3209 781 3284 in
797 3233 945 3306 genere.
990 3214 1078 3300 Sed,
1104 3210 1199 3305 quod
1215 3209 1353 3284 silentio
1367 3233 1447 3305 pre-

264 3368 267 3374 .
287 3326 390 3381 mere
400 3323 563 3394 nequeo,
588 3323 668 3376 Lxx.
684 3305 859 3396 posterius
873 3311 1073 3384 membrum
1086 3309 1333 3396 reddiderunt,
1349 3340 1445 3380 aare
1552 3380 1555 3387 ,

287 3399 452 3496 vaiomer
476 3399 534 3476 teir
548 3397 747 3490 iogrrirrtuire
763 3403 893 3488 rindrir
909 3417 987 3500 γῆς,
1019 3406 1095 3480 Lat.
1112 3404 1265 3500 quiescere
1278 3403 1449 3495 faciamus

286 3519 392 3587 onnes
412 3499 482 3570 dier·
495 3491 600 3588 festos
626 3493 698 3568 Dei
718 3518 739 3565 a
761 3509 861 3571 terra.
910 3503 1108 3599 Adoptauit
1123 3503 1280 3576 eruditus
1294 3498 1449 3569 Criticus
1469 3511 1472 3516 ’

285 3593 513 3690 Ηῡῑῑῧῑὲὃῡῐ,
539 3600 703 3684 tanquam
718 3594 804 3666 VO&
824 3623 914 3688 ten,
941 3623 1018 3694 quae
1033 3622 1108 3674 non
1123 3599 1261 3683 locum,
1286 3592 1347 3666 sed·
1360 3615 1446 3669 con-

286 3691 521 3778 ventum,vel
536 3687 685 3780 festum,
701 3691 868 3783 denotat,
890 3698 1162 3793 congruentius,
1182 3706 1349 3786 putatque
1363 3715 1443 3770 mor.

285 3787 423 3882 legiffe,
440 3787 569 3879 utique
589 3787 778 3883 legendum
792 3790 884 3879 effe,
909 3792 1178 3958 mangueescant,
1203 3811 1269 3883 pro
1284 3816 1368 3888 nno)-
1394 3794 1449 3863 ni·
1514 3793 1521 3814 “

285 3883 356 3962 mie
381 3897 540 3973 remote,
578 3883 615 3956 δι
639 3886 753 3962 minus
777 3885 958 3974 feliciter,
1016 3906 1077 3960 cut
1097 3881 1233 3978 paffim,
1264 3887 1450 3984 ingeniose

304 4041 308 4052 ,
588 4027 590 4032 -
646 4003 651 4008 ·
842 3984 992 4076 Hhh3
1305 3984 1447 4077 quidem

329 4093 869 4182 oSynag.Vet.L1.p.11.c.
899 4112 948 4160 10.
