3900 5117
458 553 523 613 ln
594 526 958 611 essen.
1034 522 1253 632 txxx2'5.
1358 542 1428 614 aa,
1525 608 1527 613 ,

256 734 413 842 Jebrnai
426 727 471 828 est
481 731 586 826 judex
599 720 721 819 rustes,
744 708 913 823 legislator
925 724 1051 821 nester,
1074 752 1133 804 rex
1149 728 1274 820 nasim,
1287 734 1351 829 ipse
1359 733 1431 830 ser.

257 841 436 919 sabinos.
485 826 573 927 Quo
585 825 710 902 itidem
721 822 827 914 satit,
853 825 949 918 quod
962 827 1021 901 hie
1034 829 1158 901 titulus
1173 850 1344 921 nusquam
1360 832 1429 907 ire.
1575 854 1578 867 ·

256 932 424 1028 quentius
443 923 654 1021 usurpetur,
693 942 797 1013 quam
818 922 911 1017 apud
933 922 1165 1014 Zachariam,
1197 927 1298 1018 cujus
1323 926 1430 1017 bec,

257 1050 365 1124 quam
380 1024 479 1112 dedi,
504 1021 582 1095 satis
598 1021 739 1117 elegans
753 1016 805 1090 est
820 1017 926 1091 ratio.

308 1130 342 1216 §.
357 1119 497 1195 XXXll.
524 1117 582 1191 Ab
590 1113 1097 1214 hocJebouabDerexercituum
1106 1116 1274 1214 supplices
1285 1136 1428 1219 petunt,

256 1237 300 1298 ut
320 1240 442 1318 preces
464 1214 587 1313 populi
605 1212 785 1300 exaudiat,
813 1232 968 1304 moxque
990 1213 1034 1284 ad
1048 1216 1170 1309 populi
1183 1209 1428 1307 liberationem

257 1318 294 1393 se
317 1319 492 1411 accingat,
518 1314 655 1385 ratione
679 1310 789 1405 petita
809 1307 1009 1382 adiutuma
1022 1312 1093 1397 ira,
1112 1308 1194 1402 'qua
1211 1312 1330 1404 Deus,
1354 1338 1429 1393 nun

258 1412 477 1490 obstantibus
492 1411 656 1506 precibus
671 1405 813 1502 populi,
838 1405 875 1477 in
890 1426 973 1480 eum
987 1404 1155 1480 accensus
1172 1407 1298 1484 iuerat.
1340 1410 1426 1512 ,me

254 1532 373 1607 tuque,
398 1509 543 1595 dicunt,
563 1504 682 1595 funus
695 1508 730 1575 in
747 1517 856 1597 preces
866 1506 979 1597 popuii
999 1506 1076 1575 tui?
1107 1506 1324 1597 praeteritum
1350 1534 1429 1594 naen

247 1604 395 1701 seruasti
409 1626 473 1702 per
483 1600 621 1699 presens
638 1597 797 1687 reddidi,
821 1616 863 1671 ut
877 1598 1041 1674 futurum
1056 1599 1152 1673 simul
1171 1604 1426 1697 comprehendi

254 1703 375 1803 possrt.
430 1697 538 1797 Urqm
558 1722 618 1795 quo
626 1695 766 1789 fumas,
790 1695 826 1767 h.
841 1716 873 1768 e.
888 1698 926 1770 in
939 1696 1345 1794 fumando'perseveras,
1372 1722 1426 1773 ur-

253 1824 314 1899 pue
328 1824 389 1897 qur
396 1795 574 1890 fumabis?
605 1795 768 1867 Verbum
781 1789 919 1881 fumare
933 1794 993 1867 irae
1009 1794 1285 1872 vehementioris
1301 1796 1426 1871 descri-

254 1900 417 1997 ptionem
439 1896 615 1969 continet.
665 1890 720 1963 ira
743 1890 946 1965 enimcum
968 1895 1078 1985 igar,
1118 1892 1254 1967 fumum
1276 1898 1313 1970 in
1329 1916 1425 1969 nares

254 1994 500 2091 propellente,
532 1987 729 2086 comparari
743 1983 852 2075 solet,
879 1990 1071 2080 quirinali,
1097 1986 1263 2087 sanguine
1278 1993 1310 2065 dr
1326 1992 1421 2089 spiri·
1561 2020 1565 2026 ·

253 2092 351 2165 tibus
370 2089 639 2173 ebullientibus,
656 2080 793 2176 fumum
815 2104 879 2179 per
900 2106 1004 2160 nares
1032 2088 1220 2165 emittunt:
1254 2089 1304 2162 est
1325 2090 1423 2167 enim

252 2182 353 2281 nasus
372 2182 545 2281 mesmes,
572 2182 664 2277 style
680 2194 864 2272 veterum3
889 2182 984 2255 unde
1011 2208 1052 2282 aa
1081 2181 1215 2279 nasum,
1241 2186 1422 2261 demirare

252 2284 414 2361 denota.
478 2282 572 2355 Hinc
604 2306 663 2382 pap
689 2295 772 2352 eum
806 2275 846 2378 ps
876 2277 997 2375 passrm
1027 2279 1269 2372 construitur,
1307 2302 1348 2358 ut
1370 2282 1420 2359 Ps.

252 2402 384 2455 txxtrre
410 2402 440 2453 1.
466 2402 563 2475 padre
571 2376 689 2471 feruet
712 2373 810 2471 nasus
826 2390 904 2449 tuus
917 2382 953 2450 in
967 2400 1042 2453 oves
1052 2386 1169 2473 pascui
1182 2386 1233 2452 tui
1242 2384 1261 2453 9
1286 2380 1367 2457 Vid.
1383 2382 1419 2455 &

250 2475 365 2553 Dent.
386 2498 498 2551 xxrxt·
515 2496 570 2570 19.
604 2473 653 2547 Ps.
676 2492 807 2545 xv111:
832 2494 865 2567 9.
891 2474 1323 2574 Sedseletiaphrefisest,
1348 2502 1417 2572 qua

250 2572 353 2648 Deus
368 2580 405 2647 in
417 2566 672 2669 preresfrmaffe
686 2570 835 2660 dieitur,
861 2571 985 2647 dextre
1004 2575 1242 2670 intelligenda.
1292 2576 1418 2651 Sensus

250 2672 352 2771 enim
364 2669 522 2757 nonest,
547 2670 666 2742 Deum
680 2664 761 2765 ipsis
772 2670 935 2763 precibus
947 2677 1073 2745 iratum
1090 2670 1214 2760 fuisse,
1229 2688 1306 2749 tum
1320 2674 1417 2766 quod

244 2781 360 2865 preces
372 2790 436 2865 per
449 2765 486 2841 se
499 2766 600 2840 malae
611 2787 686 2839 non
698 2765 784 2854 srnt,
809 2782 872 2839 aut
887 2764 971 2840 Deo
989 2768 1214 2863 displiceant,
1229 2786 1306 2843 turn
1318 2772 1416 2861 quod

245 2869 359 2961 populi
377 2864 447 2939 Dei
471 2866 649 2956 orationes
673 2863 758 2937 Deo
777 2874 881 2963 gratae
900 2862 986 2947 srnt,
1014 2864 1040 2935 sr
1061 2884 1118 2935 eas
1139 2886 1202 2956 per
1217 2863 1251 2935 se
1266 2862 1413 2958 spetles:

245 2959 307 3034 sed
330 2960 451 3039 Deum
472 2967 598 3036 iratum
618 2959 690 3036 sese
712 2956 906 3033 exhibuisse
926 2958 1004 3055 ipsis
1023 2962 1059 3033 in
1079 2962 1243 3053 precibus
1264 2960 1412 3055 populi,

245 3056 298 3128 ita
311 3072 353 3127 ut
366 3062 453 3132 iram
465 3062 609 3150 quidem
623 3080 702 3133 non
712 3057 993 3154 provocaverint
1003 3076 1147 3152 preces,
1169 3054 1228 3130 scd
1242 3078 1319 3133 eam
1343 3082 1412 3132 nec

246 3145 413 3252 placare,
438 3174 510 3223 nec
527 3154 717 3228 serenitate
742 3155 890 3229 induere
914 3156 1057 3230 vultum
1079 3153 1170 3240 Dei,
1202 3158 1411 3250 potuerint,

247 3272 323 3326 non
338 3245 499 3333 efficere,
523 3252 698 3336 qnonrinis
711 3248 1099 3349 Deusfumarepergat.
1150 3252 1302 3328 Videtur
1323 3276 1411 3331 vero

245 3342 376 3445 ph'rasrs
395 3335 568 3435 respicere
582 3342 641 3411 vel
656 3344 700 3415 ad
713 3347 773 3415 ire
786 3346 948 3438 sumum,
969 3372 1074 3442 quem
1088 3371 1211 3446 preces
1227 3350 1411 3447 dispellere

245 3465 320 3521 non
337 3448 552 3537 potuerunt,
577 3436 640 3509 vel
652 3437 697 3509 ad
709 3444 871 3518 tenebras
885 3446 989 3519 faciei
1004 3447 1152 3531 divine,
1178 3470 1261 3541 quas
1280 3454 1339 3520 irae
1353 3448 1409 3519 fu-

203 3576 209 3585 ·
241 3555 326 3618 mus
340 3538 524 3634 prosituit,
550 3532 676 3627 quibas
689 3535 812 3610 vultus
826 3539 896 3613 Dei
910 3542 1000 3631 quast
1015 3542 1188 3617 obdutlus
1204 3549 1304 3617 iucem
1324 3543 1408 3621 salu·

246 3658 359 3713 tarem
386 3657 461 3707 non
482 3634 673 3720 vibrabat,
692 3634 741 3705 ita
756 3649 798 3705 ut
810 3638 1047 3711 illuminationi
1062 3639 1167 3712 faciei
1181 3654 1405 3735 opponatur;

244 3738 307 3811 vel
321 3731 530 3824 deniquead
549 3728 687 3805 sumum
699 3726 851 3825 suffitur,
878 3752 1034 3823 quocum
1054 3756 1176 3826 preces
1208 3756 1408 3832 comparan-

236 3846 334 3920 tur,
373 3830 503 3923 quique
529 3829 614 3899 bene
627 3824 834 3921 frag’rontiae
854 3828 940 3901 Deo
959 3826 1031 3901 esse
1054 3830 1204 3919 dicitur,
1229 3848 1268 3907 ut
1288 3833 1406 3909 sensus

246 3926 309 4014 fit,
335 3941 472 4001 tantum
487 3922 621 4014 abesse,
648 3938 692 4026 ut
707 3923 804 3998 Deus
815 3928 853 3999 in
867 3924 969 3999 fumo
983 3944 1128 4019 precum
1138 3928 1404 4023 acquiesceret,

247 4032 377 4115 'easque
395 4024 613 4115 exaudiret,
632 4036 697 4114 ut,
716 4036 874 4201 contral,
901 4022 1008 4114 hujus
1020 4022 1115 4103 fumi
1125 4026 1304 4123 gratissimi
1318 4028 1404 4105 loeo

248 4158 255 4173 ‹
324 4148 375 4191 a
466 4130 469 4149 ¹
858 4121 952 4215 iii3
1309 4128 1412 4207 Deus

432 4400 463 4447 O
