<?xml version="1.0" encoding="UTF-8"?>
<!DOCTYPE html PUBLIC "-//W3C//DTD XHTML 1.0 Transitional//EN"
    "http://www.w3.org/TR/xhtml1/DTD/xhtml1-transitional.dtd">
<html xmlns="http://www.w3.org/1999/xhtml" xml:lang="en" lang="en">
 <head>
  <title>
</title>
<meta http-equiv="Content-Type" content="text/html;charset=utf-8" />
  <meta name='ocr-system' content='tesseract 3.04.00' />
  <meta name='ocr-capabilities' content='ocr_page ocr_carea ocr_par ocr_line ocrx_word'/>
</head>
<body>
  <div class='ocr_page' id='page_1' title='image "./hermannivenemac02venegoog_0701.png"; bbox 0 0 3900 5117; ppageno 0'>
   <div class='ocr_carea' id='block_1_1' title="bbox 520 480 1506 599">
    <p class='ocr_par' dir='ltr' id='par_1_1' title="bbox 520 480 1506 599">
     <span class='ocr_line' id='line_1_1' title="bbox 520 480 1506 599; baseline -0.021 -18"><span class='ocrx_word' id='word_1_1' title='bbox 520 504 595 599; x_wconf 68' lang='lat'>⁶94</span> <span class='ocrx_word' id='word_1_2' title='bbox 705 480 1506 571; x_wconf 79' lang='lat' dir='ltr'>connlnnxxntus</span> 
     </span>
    </p>
   </div>
   <div class='ocr_carea' id='block_1_2' title="bbox 438 679 1781 3416">
    <p class='ocr_par' dir='ltr' id='par_1_2' title="bbox 517 679 1781 2051">
     <span class='ocr_line' id='line_1_2' title="bbox 522 679 1691 788; baseline -0.009 -15"><span class='ocrx_word' id='word_1_3' title='bbox 522 700 618 776; x_wconf 88' lang='lat' dir='ltr'>inter</span> <span class='ocrx_word' id='word_1_4' title='bbox 644 713 767 770; x_wconf 79' lang='lat' dir='ltr'>omnes</span> <span class='ocrx_word' id='word_1_5' title='bbox 795 703 930 788; x_wconf 78' lang='lat' dir='ltr'>gentes.</span> <span class='ocrx_word' id='word_1_6' title='bbox 979 686 1094 762; x_wconf 83' lang='lat' dir='ltr'>Poeta</span> <span class='ocrx_word' id='word_1_7' title='bbox 1118 702 1202 762; x_wconf 87' lang='lat' dir='ltr'>mox</span> <span class='ocrx_word' id='word_1_8' title='bbox 1232 683 1269 759; x_wconf 93' lang='lat' dir='ltr'>in</span> <span class='ocrx_word' id='word_1_9' title='bbox 1296 679 1472 779; x_wconf 88' lang='lat' dir='ltr'>principio</span> <span class='ocrx_word' id='word_1_10' title='bbox 1499 682 1653 763; x_wconf 83' lang='lat' dir='ltr'>declarat</span> <span class='ocrx_word' id='word_1_11' title='bbox 1670 738 1691 780; x_wconf 92' lang='lat'>,</span> 
     </span>
     <span class='ocr_line' id='line_1_3' title="bbox 522 782 1692 891; baseline -0.011 -20"><span class='ocrx_word' id='word_1_12' title='bbox 522 813 666 891; x_wconf 83' lang='lat' dir='ltr'>tempus¹</span> <span class='ocrx_word' id='word_1_13' title='bbox 683 787 817 877; x_wconf 83' lang='lat' dir='ltr'>adesse,</span> <span class='ocrx_word' id='word_1_14' title='bbox 849 783 1095 881; x_wconf 81' lang='lat' dir='ltr'>quosummus</span> <span class='ocrx_word' id='word_1_15' title='bbox 1106 782 1235 877; x_wconf 63' lang='lat' dir='ltr'>⁴Judex.</span> <span class='ocrx_word' id='word_1_16' title='bbox 1250 784 1402 857; x_wconf 86' lang='lat' dir='ltr'>rationes</span> <span class='ocrx_word' id='word_1_17' title='bbox 1418 782 1624 873; x_wconf 80' lang='lat' dir='ltr'>ajudicibus</span> <span class='ocrx_word' id='word_1_18' title='bbox 1637 786 1692 858; x_wconf 83' lang='lat' dir='ltr'>le-</span> 
     </span>
     <span class='ocr_line' id='line_1_4' title="bbox 519 876 1691 984; baseline -0.006 -19"><span class='ocrx_word' id='word_1_19' title='bbox 519 894 623 966; x_wconf 91' lang='lat' dir='ltr'>raelis</span> <span class='ocrx_word' id='word_1_20' title='bbox 644 889 820 984; x_wconf 85' lang='lat' dir='ltr'>exigeret,</span> <span class='ocrx_word' id='word_1_21' title='bbox 853 906 986 978; x_wconf 90' lang='lat' dir='ltr'>eosque</span> <span class='ocrx_word' id='word_1_22' title='bbox 1008 882 1132 957; x_wconf 88' lang='lat' dir='ltr'>severe</span> <span class='ocrx_word' id='word_1_23' title='bbox 1157 882 1319 977; x_wconf 90' lang='lat' dir='ltr'>puniret,</span> <span class='ocrx_word' id='word_1_24' title='bbox 1345 878 1407 955; x_wconf 87' lang='lat' dir='ltr'>nifi</span> <span class='ocrx_word' id='word_1_25' title='bbox 1421 876 1541 955; x_wconf 92' lang='lat' dir='ltr'>officio</span> <span class='ocrx_word' id='word_1_26' title='bbox 1557 885 1691 958; x_wconf 85' lang='lat' dir='ltr'>melius</span> 
     </span>
     <span class='ocr_line' id='line_1_5' title="bbox 519 974 1690 1083; baseline -0.005 -22"><span class='ocrx_word' id='word_1_27' title='bbox 519 989 620 1083; x_wconf 85' lang='lat' dir='ltr'>fungi</span> <span class='ocrx_word' id='word_1_28' title='bbox 641 984 837 1061; x_wconf 79' lang='lat' dir='ltr'>instituant.</span> <span class='ocrx_word' id='word_1_29' title='bbox 887 980 972 1079; x_wconf 84' lang='lat' dir='ltr'>Quo</span> <span class='ocrx_word' id='word_1_30' title='bbox 992 976 1073 1071; x_wconf 88' lang='lat' dir='ltr'><strong>fini,</strong></span> <span class='ocrx_word' id='word_1_31' title='bbox 1109 1000 1176 1071; x_wconf 86' lang='lat' dir='ltr'>ne,</span> <span class='ocrx_word' id='word_1_32' title='bbox 1201 978 1332 1072; x_wconf 83' lang='lat' dir='ltr'>praevia</span> <span class='ocrx_word' id='word_1_33' title='bbox 1350 974 1423 1051; x_wconf 87' lang='lat' dir='ltr'>fine</span> <span class='ocrx_word' id='word_1_34' title='bbox 1437 978 1690 1058; x_wconf 84' lang='lat' dir='ltr'>admonitione</span> 
     </span>
     <span class='ocr_line' id='line_1_6' title="bbox 519 1074 1690 1173; baseline -0.005 -14"><span class='ocrx_word' id='word_1_35' title='bbox 519 1085 556 1159; x_wconf 95' lang='lat' dir='ltr'>id</span> <span class='ocrx_word' id='word_1_36' title='bbox 569 1081 666 1170; x_wconf 88' lang='lat' dir='ltr'>fieri,</span> <span class='ocrx_word' id='word_1_37' title='bbox 690 1093 974 1173; x_wconf 90' lang='lat' dir='ltr'>conquerantur,</span> <span class='ocrx_word' id='word_1_38' title='bbox 998 1075 1118 1154; x_wconf 91' lang='lat' dir='ltr'>Deum</span> <span class='ocrx_word' id='word_1_39' title='bbox 1130 1074 1325 1151; x_wconf 87' lang='lat' dir='ltr'>introducit</span> <span class='ocrx_word' id='word_1_40' title='bbox 1345 1096 1472 1168; x_wconf 89' lang='lat' dir='ltr'>pravos</span> <span class='ocrx_word' id='word_1_41' title='bbox 1496 1076 1629 1166; x_wconf 82' lang='lat' dir='ltr'>iudices</span> <span class='ocrx_word' id='word_1_42' title='bbox 1651 1102 1690 1153; x_wconf 88' lang='lat' dir='ltr'>a·</span> 
     </span>
     <span class='ocr_line' id='line_1_7' title="bbox 519 1172 1689 1273; baseline -0.008 -16"><span class='ocrx_word' id='word_1_43' title='bbox 519 1183 627 1257; x_wconf 89' lang='lat' dir='ltr'>criter</span> <span class='ocrx_word' id='word_1_44' title='bbox 647 1176 1001 1273; x_wconf 80' lang='lat' dir='ltr'>reprehendentem,</span> <span class='ocrx_word' id='word_1_45' title='bbox 1032 1174 1067 1249; x_wconf 80' lang='lat' dir='ltr'>dr</span> <span class='ocrx_word' id='word_1_46' title='bbox 1088 1172 1193 1250; x_wconf 90' lang='lat' dir='ltr'>officii</span> <span class='ocrx_word' id='word_1_47' title='bbox 1211 1172 1478 1261; x_wconf 73' lang='lat' dir='ltr'>admonentem.</span> <span class='ocrx_word' id='word_1_48' title='bbox 1528 1172 1689 1271; x_wconf 81' lang='lat' dir='ltr'>Quando</span> 
     </span>
     <span class='ocr_line' id='line_1_8' title="bbox 519 1267 1781 1376; baseline -0.007 -22"><span class='ocrx_word' id='word_1_49' title='bbox 519 1279 724 1376; x_wconf 77' lang='lat' dir='ltr'>subiungit,</span> <span class='ocrx_word' id='word_1_50' title='bbox 757 1297 820 1349; x_wconf 90' lang='lat' dir='ltr'>eos</span> <span class='ocrx_word' id='word_1_51' title='bbox 837 1274 893 1357; x_wconf 73' lang='lat' dir='ltr'>,ad</span> <span class='ocrx_word' id='word_1_52' title='bbox 911 1271 1085 1348; x_wconf 88' lang='lat' dir='ltr'>saniorem</span> <span class='ocrx_word' id='word_1_53' title='bbox 1109 1286 1268 1347; x_wconf 86' lang='lat' dir='ltr'>mentem</span> <span class='ocrx_word' id='word_1_54' title='bbox 1290 1290 1364 1343; x_wconf 93' lang='lat' dir='ltr'>non</span> <span class='ocrx_word' id='word_1_55' title='bbox 1386 1267 1456 1342; x_wconf 85' lang='lat' dir='ltr'>elle</span> <span class='ocrx_word' id='word_1_56' title='bbox 1476 1268 1688 1367; x_wconf 82' lang='lat' dir='ltr'>redituros,</span> <span class='ocrx_word' id='word_1_57' title='bbox 1778 1352 1781 1357; x_wconf 59' lang='grc'>,</span> 
     </span>
     <span class='ocr_line' id='line_1_9' title="bbox 519 1366 1686 1469; baseline -0.011 -17"><span class='ocrx_word' id='word_1_58' title='bbox 519 1376 639 1452; x_wconf 91' lang='lat' dir='ltr'>sedin</span> <span class='ocrx_word' id='word_1_59' title='bbox 661 1377 759 1469; x_wconf 87' lang='lat' dir='ltr'>pejus</span> <span class='ocrx_word' id='word_1_60' title='bbox 783 1374 959 1461; x_wconf 89' lang='lat' dir='ltr'>ruituros,</span> <span class='ocrx_word' id='word_1_61' title='bbox 991 1369 1107 1444; x_wconf 91' lang='lat' dir='ltr'>donec</span> <span class='ocrx_word' id='word_1_62' title='bbox 1128 1368 1199 1463; x_wconf 87' lang='lat' dir='ltr'>ipsa</span> <span class='ocrx_word' id='word_1_63' title='bbox 1211 1368 1366 1440; x_wconf 80' lang='lat' dir='ltr'>civitatis</span> <span class='ocrx_word' id='word_1_64' title='bbox 1380 1366 1614 1444; x_wconf 85' lang='lat' dir='ltr'>fundamenta</span> <span class='ocrx_word' id='word_1_65' title='bbox 1628 1390 1686 1445; x_wconf 82' lang='lat' dir='ltr'>es.</span> 
     </span>
     <span class='ocr_line' id='line_1_10' title="bbox 518 1464 1684 1566; baseline -0.01 -16"><span class='ocrx_word' id='word_1_66' title='bbox 518 1468 849 1565; x_wconf 84' lang='lat' dir='ltr'>sentconquallata,</span> <span class='ocrx_word' id='word_1_67' title='bbox 872 1468 1095 1543; x_wconf 77' lang='lat' dir='ltr'>&amp;horribilis</span> <span class='ocrx_word' id='word_1_68' title='bbox 1108 1483 1228 1540; x_wconf 78' lang='lat' dir='ltr'>tertull</span> <span class='ocrx_word' id='word_1_69' title='bbox 1241 1464 1573 1541; x_wconf 76' lang='lat' dir='ltr'>confusioindueia.</span> <span class='ocrx_word' id='word_1_70' title='bbox 1596 1464 1684 1566; x_wconf 85' lang='lat' dir='ltr'>Quo</span> 
     </span>
     <span class='ocr_line' id='line_1_11' title="bbox 519 1560 1684 1665; baseline -0.003 -19"><span class='ocrx_word' id='word_1_71' title='bbox 519 1587 683 1665; x_wconf 90' lang='lat' dir='ltr'>tempore</span> <span class='ocrx_word' id='word_1_72' title='bbox 713 1570 832 1645; x_wconf 90' lang='lat' dir='ltr'>Deum</span> <span class='ocrx_word' id='word_1_73' title='bbox 858 1565 1070 1643; x_wconf 89' lang='lat' dir='ltr'>sententiam</span> <span class='ocrx_word' id='word_1_74' title='bbox 1101 1562 1332 1638; x_wconf 88' lang='lat' dir='ltr'>decretoriam</span> <span class='ocrx_word' id='word_1_75' title='bbox 1362 1560 1684 1656; x_wconf 82' lang='lat' dir='ltr'>pronuntiaturum</span> 
     </span>
     <span class='ocr_line' id='line_1_12' title="bbox 517 1658 1685 1762; baseline -0.004 -18"><span class='ocrx_word' id='word_1_76' title='bbox 517 1668 589 1745; x_wconf 86' lang='lat' dir='ltr'>else</span> <span class='ocrx_word' id='word_1_77' title='bbox 613 1667 761 1758; x_wconf 85' lang='lat' dir='ltr'>adserit,</span> <span class='ocrx_word' id='word_1_78' title='bbox 794 1666 983 1759; x_wconf 83' lang='lat' dir='ltr'>Deumque</span> <span class='ocrx_word' id='word_1_79' title='bbox 1003 1664 1038 1737; x_wconf 93' lang='lat' dir='ltr'>id</span> <span class='ocrx_word' id='word_1_80' title='bbox 1058 1661 1250 1737; x_wconf 81' lang='lat' dir='ltr'>facientem</span> <span class='ocrx_word' id='word_1_81' title='bbox 1262 1659 1475 1735; x_wconf 84' lang='lat' dir='ltr'>introducit:</span> <span class='ocrx_word' id='word_1_82' title='bbox 1489 1658 1685 1762; x_wconf 65' lang='lat' dir='ltr'>subiuncta</span> 
     </span>
     <span class='ocr_line' id='line_1_13' title="bbox 518 1753 1685 1859; baseline -0.005 -18"><span class='ocrx_word' id='word_1_83' title='bbox 518 1765 671 1859; x_wconf 91' lang='lat' dir='ltr'>denique</span> <span class='ocrx_word' id='word_1_84' title='bbox 689 1760 812 1858; x_wconf 90' lang='lat' dir='ltr'>judicii</span> <span class='ocrx_word' id='word_1_85' title='bbox 834 1764 923 1837; x_wconf 82' lang='lat' dir='ltr'>iliius</span> <span class='ocrx_word' id='word_1_86' title='bbox 937 1758 1212 1856; x_wconf 83' lang='lat' dir='ltr'>adprobatione,</span> <span class='ocrx_word' id='word_1_87' title='bbox 1237 1757 1271 1833; x_wconf 92' lang='lat'>&amp;</span> <span class='ocrx_word' id='word_1_88' title='bbox 1281 1753 1549 1851; x_wconf 80' lang='lat' dir='ltr'>iustificatione,</span> <span class='ocrx_word' id='word_1_89' title='bbox 1575 1780 1618 1833; x_wconf 87' lang='lat' dir='ltr'>ex</span> <span class='ocrx_word' id='word_1_90' title='bbox 1632 1781 1685 1835; x_wconf 89' lang='lat' dir='ltr'>eo</span> 
     </span>
     <span class='ocr_line' id='line_1_14' title="bbox 517 1854 1685 1961; baseline -0.013 -23"><span class='ocrx_word' id='word_1_91' title='bbox 517 1866 653 1961; x_wconf 91' lang='lat' dir='ltr'>petita,</span> <span class='ocrx_word' id='word_1_92' title='bbox 679 1864 774 1957; x_wconf 90' lang='lat' dir='ltr'>quod</span> <span class='ocrx_word' id='word_1_93' title='bbox 794 1861 876 1935; x_wconf 91' lang='lat' dir='ltr'>Deo</span> <span class='ocrx_word' id='word_1_94' title='bbox 890 1860 1058 1935; x_wconf 72' lang='lat' dir='ltr'>itanum</span> <span class='ocrx_word' id='word_1_95' title='bbox 1076 1876 1170 1947; x_wconf 86' lang='lat' dir='ltr'>erat,</span> <span class='ocrx_word' id='word_1_96' title='bbox 1194 1858 1289 1933; x_wconf 84' lang='lat' dir='ltr'>inter</span> <span class='ocrx_word' id='word_1_97' title='bbox 1303 1854 1439 1933; x_wconf 85' lang='lat' dir='ltr'>Gentes</span> <span class='ocrx_word' id='word_1_98' title='bbox 1455 1856 1591 1955; x_wconf 80' lang='lat' dir='ltr'>erigere</span> <span class='ocrx_word' id='word_1_99' title='bbox 1605 1878 1685 1959; x_wconf 74' lang='lat' dir='ltr'>teg.</span> 
     </span>
     <span class='ocr_line' id='line_1_15' title="bbox 517 1954 1325 2051; baseline -0.011 -12"><span class='ocrx_word' id='word_1_100' title='bbox 517 1984 626 2051; x_wconf 89' lang='lat' dir='ltr'>num,</span> <span class='ocrx_word' id='word_1_101' title='bbox 652 1959 736 2034; x_wconf 85' lang='lat' dir='ltr'>&amp;in</span> <span class='ocrx_word' id='word_1_102' title='bbox 750 1960 790 2035; x_wconf 91' lang='lat' dir='ltr'>iis</span> <span class='ocrx_word' id='word_1_103' title='bbox 806 1980 998 2034; x_wconf 83' lang='lat' dir='ltr'>excernere</span> <span class='ocrx_word' id='word_1_104' title='bbox 1012 1954 1267 2031; x_wconf 74' lang='lat' dir='ltr'>hereditatem.</span> <span class='ocrx_word' id='word_1_105' title='bbox 1322 2022 1325 2030; x_wconf 20' lang='grc' dir='ltr'><strong><em>Δ</em></strong></span> 
     </span>
    </p>

    <p class='ocr_par' dir='ltr' id='par_1_3' title="bbox 438 2052 1688 3416">
     <span class='ocr_line' id='line_1_16' title="bbox 488 2052 1686 2157; baseline -0.003 -24"><span class='ocrx_word' id='word_1_106' title='bbox 488 2106 494 2111; x_wconf 89' lang='grc'><strong>-</strong></span> <span class='ocrx_word' id='word_1_107' title='bbox 567 2054 661 2149; x_wconf 82' lang='lat' dir='ltr'><strong>§.IL</strong></span> <span class='ocrx_word' id='word_1_108' title='bbox 681 2055 795 2157; x_wconf 85' lang='lat' dir='ltr'>Quod</span> <span class='ocrx_word' id='word_1_109' title='bbox 815 2056 1120 2155; x_wconf 79' lang='lat' dir='ltr'>argumentamur</span> <span class='ocrx_word' id='word_1_110' title='bbox 1143 2054 1291 2128; x_wconf 87' lang='lat' dir='ltr'>clariore</span> <span class='ocrx_word' id='word_1_111' title='bbox 1313 2056 1351 2131; x_wconf 87' lang='lat' dir='ltr'>in</span> <span class='ocrx_word' id='word_1_112' title='bbox 1366 2052 1445 2129; x_wconf 86' lang='lat' dir='ltr'>luce</span> <span class='ocrx_word' id='word_1_113' title='bbox 1464 2054 1686 2145; x_wconf 88' lang='lat' dir='ltr'>collocetur,</span> 
     </span>
     <span class='ocr_line' id='line_1_17' title="bbox 474 2150 1685 2259; baseline -0.004 -26"><span class='ocrx_word' id='word_1_114' title='bbox 474 2226 483 2259; x_wconf 43' lang='lat' dir='ltr'>f</span> <span class='ocrx_word' id='word_1_115' title='bbox 517 2157 698 2234; x_wconf 89' lang='lat' dir='ltr'>observari</span> <span class='ocrx_word' id='word_1_116' title='bbox 719 2156 839 2231; x_wconf 88' lang='lat' dir='ltr'>velim.</span> <span class='ocrx_word' id='word_1_117' title='bbox 892 2171 924 2231; x_wconf 91' lang='lat'>1.</span> <span class='ocrx_word' id='word_1_118' title='bbox 949 2150 1157 2229; x_wconf 80' lang='lat' dir='ltr'>Tribunalia</span> <span class='ocrx_word' id='word_1_119' title='bbox 1177 2154 1301 2249; x_wconf 88' lang='lat' dir='ltr'>populi</span> <span class='ocrx_word' id='word_1_120' title='bbox 1321 2152 1392 2226; x_wconf 93' lang='lat' dir='ltr'>Dei</span> <span class='ocrx_word' id='word_1_121' title='bbox 1413 2152 1471 2233; x_wconf 85' lang='lat' dir='ltr'>hic</span> <span class='ocrx_word' id='word_1_122' title='bbox 1492 2152 1541 2226; x_wconf 91' lang='lat' dir='ltr'>ob</span> <span class='ocrx_word' id='word_1_123' title='bbox 1556 2154 1685 2228; x_wconf 88' lang='lat' dir='ltr'>oculos</span> 
     </span>
     <span class='ocr_line' id='line_1_18' title="bbox 516 2246 1683 2347; baseline -0.005 -20"><span class='ocrx_word' id='word_1_124' title='bbox 516 2252 588 2327; x_wconf 78' lang='lat' dir='ltr'>sisti</span> <span class='ocrx_word' id='word_1_125' title='bbox 609 2270 774 2346; x_wconf 87' lang='lat' dir='ltr'>tanquam</span> <span class='ocrx_word' id='word_1_126' title='bbox 795 2252 829 2325; x_wconf 84' lang='lat' dir='ltr'>dr</span> <span class='ocrx_word' id='word_1_127' title='bbox 849 2246 1062 2346; x_wconf 82' lang='lat' dir='ltr'>plenllllrne,</span> <span class='ocrx_word' id='word_1_128' title='bbox 1093 2252 1129 2325; x_wconf 71' lang='lat' dir='ltr'>d</span> <span class='ocrx_word' id='word_1_129' title='bbox 1151 2270 1171 2325; x_wconf 84' lang='lat' dir='ltr'>a</span> <span class='ocrx_word' id='word_1_130' title='bbox 1192 2254 1285 2347; x_wconf 79' lang='lat' dir='ltr'>longo</span> <span class='ocrx_word' id='word_1_131' title='bbox 1300 2250 1509 2347; x_wconf 82' lang='lat' dir='ltr'>depravata,</span> <span class='ocrx_word' id='word_1_132' title='bbox 1536 2250 1683 2325; x_wconf 84' lang='lat' dir='ltr'>utclare</span> 
     </span>
     <span class='ocr_line' id='line_1_19' title="bbox 438 2350 1687 2450; baseline 0.001 -27"><span class='ocrx_word' id='word_1_133' title='bbox 438 2414 452 2426; x_wconf 82' lang='grc'>.,</span> <span class='ocrx_word' id='word_1_134' title='bbox 518 2351 693 2423; x_wconf 89' lang='lat' dir='ltr'>indicatur</span> <span class='ocrx_word' id='word_1_135' title='bbox 714 2361 781 2445; x_wconf 84' lang='lat' dir='ltr'>per</span> <span class='ocrx_word' id='word_1_136' title='bbox 801 2350 888 2423; x_wconf 89' lang='lat' dir='ltr'>illud</span> <span class='ocrx_word' id='word_1_137' title='bbox 909 2368 1086 2450; x_wconf 69' lang='lat' dir='ltr'>proutque,</span> <span class='ocrx_word' id='word_1_138' title='bbox 1119 2350 1208 2425; x_wconf 84' lang='lat' dir='ltr'>vers.</span> <span class='ocrx_word' id='word_1_139' title='bbox 1231 2371 1265 2423; x_wconf 77' lang='lat' dir='ltr'>n.-</span> <span class='ocrx_word' id='word_1_140' title='bbox 1290 2366 1475 2444; x_wconf 80' lang='lat' dir='ltr'>quousque</span> <span class='ocrx_word' id='word_1_141' title='bbox 1491 2350 1687 2442; x_wconf 71' lang='lat' dir='ltr'>Julirtllrlt</span> 
     </span>
     <span class='ocr_line' id='line_1_20' title="bbox 517 2444 1688 2545; baseline 0 -26"><span class='ocrx_word' id='word_1_142' title='bbox 517 2450 628 2541; x_wconf 80' lang='lat' dir='ltr'>inique</span> <span class='ocrx_word' id='word_1_143' title='bbox 650 2446 743 2521; x_wconf 73' lang='lat' dir='ltr'>&amp;el</span> <span class='ocrx_word' id='word_1_144' title='bbox 768 2448 933 2541; x_wconf 89' lang='lat' dir='ltr'>quamdiu</span> <span class='ocrx_word' id='word_1_145' title='bbox 946 2450 1017 2523; x_wconf 90' lang='lat' dir='ltr'>boc</span> <span class='ocrx_word' id='word_1_146' title='bbox 1032 2448 1191 2538; x_wconf 91' lang='lat' dir='ltr'>durabit,</span> <span class='ocrx_word' id='word_1_147' title='bbox 1217 2448 1373 2543; x_wconf 87' lang='lat' dir='ltr'>&amp;quem</span> <span class='ocrx_word' id='word_1_148' title='bbox 1388 2447 1534 2545; x_wconf 85' lang='lat' dir='ltr'>gradum</span> <span class='ocrx_word' id='word_1_149' title='bbox 1547 2444 1688 2519; x_wconf 80' lang='lat' dir='ltr'>adscen·</span> 
     </span>
     <span class='ocr_line' id='line_1_21' title="bbox 516 2542 1683 2643; baseline 0.003 -26"><span class='ocrx_word' id='word_1_150' title='bbox 516 2542 606 2617; x_wconf 75' lang='lat' dir='ltr'>deti</span> <span class='ocrx_word' id='word_1_151' title='bbox 657 2564 693 2617; x_wconf 70' lang='lat' dir='ltr'>m</span> <span class='ocrx_word' id='word_1_152' title='bbox 718 2543 893 2639; x_wconf 78' lang='lat' dir='ltr'>Adeoque</span> <span class='ocrx_word' id='word_1_153' title='bbox 912 2562 1051 2643; x_wconf 85' lang='lat' dir='ltr'>tempus</span> <span class='ocrx_word' id='word_1_154' title='bbox 1066 2546 1203 2637; x_wconf 78' lang='lat' dir='ltr'>adesse,</span> <span class='ocrx_word' id='word_1_155' title='bbox 1228 2560 1300 2639; x_wconf 88' lang='lat' dir='ltr'>quo</span> <span class='ocrx_word' id='word_1_156' title='bbox 1312 2544 1497 2641; x_wconf 79' lang='lat' dir='ltr'>supremus</span> <span class='ocrx_word' id='word_1_157' title='bbox 1511 2542 1627 2637; x_wconf 85' lang='lat' dir='ltr'>Judex</span> <span class='ocrx_word' id='word_1_158' title='bbox 1642 2544 1683 2620; x_wconf 76' lang='lat' dir='ltr'>ab</span> 
     </span>
     <span class='ocr_line' id='line_1_22' title="bbox 516 2640 1686 2737; baseline 0.003 -23"><span class='ocrx_word' id='word_1_159' title='bbox 516 2641 613 2715; x_wconf 82' lang='lat' dir='ltr'>lusce</span> <span class='ocrx_word' id='word_1_160' title='bbox 629 2641 765 2716; x_wconf 87' lang='lat' dir='ltr'>vicariis</span> <span class='ocrx_word' id='word_1_161' title='bbox 779 2640 846 2717; x_wconf 89' lang='lat' dir='ltr'>suis</span> <span class='ocrx_word' id='word_1_162' title='bbox 861 2645 1015 2719; x_wconf 89' lang='lat' dir='ltr'>rationes</span> <span class='ocrx_word' id='word_1_163' title='bbox 1030 2644 1085 2717; x_wconf 90' lang='lat' dir='ltr'>exi</span> <span class='ocrx_word' id='word_1_164' title='bbox 1108 2658 1163 2736; x_wconf 91' lang='lat' dir='ltr'>at,</span> <span class='ocrx_word' id='word_1_165' title='bbox 1189 2644 1344 2737; x_wconf 90' lang='lat' dir='ltr'>illudque</span> <span class='ocrx_word' id='word_1_166' title='bbox 1359 2644 1430 2736; x_wconf 82' lang='lat' dir='ltr'>J&#39;am</span> <span class='ocrx_word' id='word_1_167' title='bbox 1444 2664 1542 2719; x_wconf 84' lang='lat' dir='ltr'>nunc</span> <span class='ocrx_word' id='word_1_168' title='bbox 1554 2642 1625 2717; x_wconf 85' lang='lat' dir='ltr'>inci</span> <span class='ocrx_word' id='word_1_169' title='bbox 1672 2683 1686 2702; x_wconf 92' lang='lat'><strong>·</strong></span> 
     </span>
     <span class='ocr_line' id='line_1_23' title="bbox 517 2660 1681 2835; baseline -0.002 -22"><span class='ocrx_word' id='word_1_170' title='bbox 517 2759 577 2813; x_wconf 87' lang='lat' dir='ltr'>re:</span> <span class='ocrx_word' id='word_1_171' title='bbox 602 2756 646 2813; x_wconf 91' lang='lat' dir='ltr'>ut</span> <span class='ocrx_word' id='word_1_172' title='bbox 658 2740 771 2833; x_wconf 89' lang='lat' dir='ltr'>liquet</span> <span class='ocrx_word' id='word_1_173' title='bbox 785 2762 832 2815; x_wconf 91' lang='lat' dir='ltr'>ex</span> <span class='ocrx_word' id='word_1_174' title='bbox 846 2740 979 2835; x_wconf 88' lang='lat' dir='ltr'>phrasr,</span> <span class='ocrx_word' id='word_1_175' title='bbox 1005 2666 1107 2817; x_wconf 78' lang='lat' dir='ltr'>vers.g</span> <span class='ocrx_word' id='word_1_176' title='bbox 1114 2764 1146 2818; x_wconf 88' lang='lat'>1.</span> <span class='ocrx_word' id='word_1_177' title='bbox 1171 2740 1345 2835; x_wconf 81' lang='lat' dir='ltr'>Deusstat</span> <span class='ocrx_word' id='word_1_178' title='bbox 1359 2747 1395 2813; x_wconf 83' lang='lat' dir='ltr'>ln</span> <span class='ocrx_word' id='word_1_179' title='bbox 1410 2756 1499 2814; x_wconf 84' lang='lat' dir='ltr'>coetu</span> <span class='ocrx_word' id='word_1_180' title='bbox 1513 2728 1592 2814; x_wconf 80' lang='lat' dir='ltr'>Dei.</span> <span class='ocrx_word' id='word_1_181' title='bbox 1615 2660 1681 2811; x_wconf 51' lang='lat' dir='ltr'>ge.</span> 
     </span>
     <span class='ocr_line' id='line_1_24' title="bbox 519 2836 1678 2947; baseline -0.009 -36"><span class='ocrx_word' id='word_1_182' title='bbox 519 2859 553 2931; x_wconf 83' lang='lat'>3.</span> <span class='ocrx_word' id='word_1_183' title='bbox 583 2838 748 2914; x_wconf 91' lang='lat' dir='ltr'>Huncin</span> <span class='ocrx_word' id='word_1_184' title='bbox 769 2836 878 2915; x_wconf 88' lang='lat' dir='ltr'>finem</span> <span class='ocrx_word' id='word_1_185' title='bbox 895 2838 1031 2915; x_wconf 83' lang='lat' dir='ltr'>institui</span> <span class='ocrx_word' id='word_1_186' title='bbox 1053 2838 1234 2918; x_wconf 90' lang='lat' dir='ltr'>solennem</span> <span class='ocrx_word' id='word_1_187' title='bbox 1255 2836 1478 2947; x_wconf 84' lang='lat' dir='ltr'>&amp;publicam</span> <span class='ocrx_word' id='word_1_188' title='bbox 1495 2837 1678 2931; x_wconf 79' lang='lat' dir='ltr'>increpatio·</span> 
     </span>
     <span class='ocr_line' id='line_1_25' title="bbox 515 2930 1683 3027; baseline -0.005 -18"><span class='ocrx_word' id='word_1_189' title='bbox 515 2958 588 3009; x_wconf 83' lang='lat' dir='ltr'>nem</span> <span class='ocrx_word' id='word_1_190' title='bbox 609 2935 642 3005; x_wconf 82' lang='lat' dir='ltr'>dt</span> <span class='ocrx_word' id='word_1_191' title='bbox 664 2940 935 3026; x_wconf 71' lang='lat' dir='ltr'>adhelmionem,</span> <span class='ocrx_word' id='word_1_192' title='bbox 965 2958 1013 3009; x_wconf 91' lang='lat' dir='ltr'>ne</span> <span class='ocrx_word' id='word_1_193' title='bbox 1032 2952 1080 3007; x_wconf 81' lang='lat' dir='ltr'>ex</span> <span class='ocrx_word' id='word_1_194' title='bbox 1099 2932 1291 3027; x_wconf 72' lang='lat' dir='ltr'>improviso</span> <span class='ocrx_word' id='word_1_195' title='bbox 1305 2932 1535 3027; x_wconf 16' lang='lat' dir='ltr'>ipsosfljudicis</span> <span class='ocrx_word' id='word_1_196' title='bbox 1548 2930 1683 3006; x_wconf 65' lang='lat' dir='ltr'>sinten-</span> 
     </span>
     <span class='ocr_line' id='line_1_26' title="bbox 518 3022 1684 3127; baseline -0.003 -23"><span class='ocrx_word' id='word_1_197' title='bbox 518 3033 570 3104; x_wconf 91' lang='lat' dir='ltr'>tia</span> <span class='ocrx_word' id='word_1_198' title='bbox 583 3030 719 3121; x_wconf 77' lang='lat' dir='ltr'>feriret.</span> <span class='ocrx_word' id='word_1_199' title='bbox 769 3028 861 3127; x_wconf 86' lang='lat' dir='ltr'>Quae</span> <span class='ocrx_word' id='word_1_200' title='bbox 875 3024 1091 3118; x_wconf 87' lang='lat' dir='ltr'>admonitio,</span> <span class='ocrx_word' id='word_1_201' title='bbox 1117 3048 1159 3103; x_wconf 91' lang='lat' dir='ltr'>ut</span> <span class='ocrx_word' id='word_1_202' title='bbox 1173 3022 1275 3102; x_wconf 82' lang='lat' dir='ltr'>altius</span> <span class='ocrx_word' id='word_1_203' title='bbox 1290 3045 1513 3123; x_wconf 89' lang='lat' dir='ltr'>penetraret,</span> <span class='ocrx_word' id='word_1_204' title='bbox 1539 3022 1620 3105; x_wconf 72' lang='lat' dir='ltr'>Deo</span> <span class='ocrx_word' id='word_1_205' title='bbox 1635 3029 1684 3123; x_wconf 83' lang='lat' dir='ltr'>ip</span> 
     </span>
     <span class='ocr_line' id='line_1_27' title="bbox 516 3124 1686 3223; baseline 0.005 -26"><span class='ocrx_word' id='word_1_206' title='bbox 516 3126 543 3197; x_wconf 86' lang='lat' dir='ltr'>st</span> <span class='ocrx_word' id='word_1_207' title='bbox 562 3126 788 3212; x_wconf 86' lang='lat' dir='ltr'>adtribuitur,</span> <span class='ocrx_word' id='word_1_208' title='bbox 815 3126 905 3201; x_wconf 89' lang='lat' dir='ltr'>vers.</span> <span class='ocrx_word' id='word_1_209' title='bbox 921 3150 957 3217; x_wconf 79' lang='lat' dir='ltr'>n,</span> <span class='ocrx_word' id='word_1_210' title='bbox 972 3148 1007 3219; x_wconf 85' lang='lat'>3.</span> <span class='ocrx_word' id='word_1_211' title='bbox 1058 3148 1093 3216; x_wconf 88' lang='lat'>4.</span> <span class='ocrx_word' id='word_1_212' title='bbox 1120 3124 1176 3198; x_wconf 93' lang='lat' dir='ltr'>De</span> <span class='ocrx_word' id='word_1_213' title='bbox 1190 3124 1292 3200; x_wconf 88' lang='lat' dir='ltr'>irrito</span> <span class='ocrx_word' id='word_1_214' title='bbox 1308 3127 1382 3220; x_wconf 89' lang='lat' dir='ltr'>ejus</span> <span class='ocrx_word' id='word_1_215' title='bbox 1397 3127 1525 3203; x_wconf 73' lang='lat' dir='ltr'>effectu</span> <span class='ocrx_word' id='word_1_216' title='bbox 1540 3142 1686 3223; x_wconf 87' lang='lat' dir='ltr'>poetam</span> 
     </span>
     <span class='ocr_line' id='line_1_28' title="bbox 517 3220 1685 3321; baseline 0.006 -30"><span class='ocrx_word' id='word_1_217' title='bbox 517 3221 555 3292; x_wconf 93' lang='lat' dir='ltr'>in</span> <span class='ocrx_word' id='word_1_218' title='bbox 575 3220 738 3294; x_wconf 89' lang='lat' dir='ltr'>futurum</span> <span class='ocrx_word' id='word_1_219' title='bbox 757 3221 875 3314; x_wconf 87' lang='lat' dir='ltr'>loqui,</span> <span class='ocrx_word' id='word_1_220' title='bbox 907 3222 1070 3312; x_wconf 77' lang='lat' dir='ltr'>dream,</span> <span class='ocrx_word' id='word_1_221' title='bbox 1094 3234 1259 3315; x_wconf 87' lang='lat' dir='ltr'>tanquam</span> <span class='ocrx_word' id='word_1_222' title='bbox 1272 3225 1504 3319; x_wconf 86' lang='lat' dir='ltr'>prophetam,</span> <span class='ocrx_word' id='word_1_223' title='bbox 1531 3244 1685 3321; x_wconf 89' lang='lat' dir='ltr'>expone·</span> 
     </span>
     <span class='ocr_line' id='line_1_29' title="bbox 515 3314 1684 3416; baseline 0.007 -27"><span class='ocrx_word' id='word_1_224' title='bbox 515 3338 575 3406; x_wconf 79' lang='lat' dir='ltr'>re3</span> <span class='ocrx_word' id='word_1_225' title='bbox 590 3314 666 3388; x_wconf 88' lang='lat' dir='ltr'>itno</span> <span class='ocrx_word' id='word_1_226' title='bbox 686 3329 822 3391; x_wconf 86' lang='lat' dir='ltr'>tantum</span> <span class='ocrx_word' id='word_1_227' title='bbox 838 3316 973 3407; x_wconf 79' lang='lat' dir='ltr'>abesse,</span> <span class='ocrx_word' id='word_1_228' title='bbox 988 3336 1030 3393; x_wconf 91' lang='lat' dir='ltr'>ut</span> <span class='ocrx_word' id='word_1_229' title='bbox 1044 3319 1288 3413; x_wconf 86' lang='lat' dir='ltr'>resipiscerent</span> <span class='ocrx_word' id='word_1_230' title='bbox 1301 3322 1441 3416; x_wconf 88' lang='lat' dir='ltr'>profani</span> <span class='ocrx_word' id='word_1_231' title='bbox 1453 3324 1608 3415; x_wconf 88' lang='lat' dir='ltr'>judices,</span> <span class='ocrx_word' id='word_1_232' title='bbox 1624 3335 1684 3415; x_wconf 91' lang='lat' dir='ltr'>ut,</span> 
     </span>
    </p>
   </div>
   <div class='ocr_carea' id='block_1_3' title="bbox 398 3408 1684 3518">
    <p class='ocr_par' dir='ltr' id='par_1_4' title="bbox 398 3408 1684 3518">
     <span class='ocr_line' id='line_1_30' title="bbox 398 3408 1684 3518; baseline 0.005 -31"><span class='ocrx_word' id='word_1_233' title='bbox 398 3444 400 3449; x_wconf 95' lang='lat'>·</span> <span class='ocrx_word' id='word_1_234' title='bbox 516 3426 663 3502; x_wconf 89' lang='lat' dir='ltr'>contra,</span> <span class='ocrx_word' id='word_1_235' title='bbox 695 3417 804 3511; x_wconf 59' lang='lat' dir='ltr'>mans</span> <span class='ocrx_word' id='word_1_236' title='bbox 822 3408 1120 3511; x_wconf 82' lang='lat' dir='ltr'>depravarentur,</span> <span class='ocrx_word' id='word_1_237' title='bbox 1153 3416 1188 3491; x_wconf 76' lang='grc' dir='ltr'>δι</span> <span class='ocrx_word' id='word_1_238' title='bbox 1206 3421 1374 3518; x_wconf 80' lang='lat' dir='ltr'>contagio</span> <span class='ocrx_word' id='word_1_239' title='bbox 1387 3422 1488 3496; x_wconf 81' lang='lat' dir='ltr'>latina</span> <span class='ocrx_word' id='word_1_240' title='bbox 1501 3420 1684 3514; x_wconf 78' lang='lat' dir='ltr'>serperet,</span> 
     </span>
    </p>
   </div>
   <div class='ocr_carea' id='block_1_4' title="bbox 430 3509 1697 4182">
    <p class='ocr_par' dir='ltr' id='par_1_5' title="bbox 430 3509 1697 4175">
     <span class='ocr_line' id='line_1_31' title="bbox 514 3509 1683 3614; baseline 0.004 -29"><span class='ocrx_word' id='word_1_241' title='bbox 514 3532 628 3605; x_wconf 81' lang='lat' dir='ltr'>tuque</span> <span class='ocrx_word' id='word_1_242' title='bbox 645 3510 690 3584; x_wconf 92' lang='lat' dir='ltr'>ad</span> <span class='ocrx_word' id='word_1_243' title='bbox 711 3512 874 3587; x_wconf 87' lang='lat' dir='ltr'>omnium</span> <span class='ocrx_word' id='word_1_244' title='bbox 887 3534 1007 3589; x_wconf 84' lang='lat' dir='ltr'>rerunt</span> <span class='ocrx_word' id='word_1_245' title='bbox 1020 3514 1215 3593; x_wconf 86' lang='lat' dir='ltr'>terribilem</span> <span class='ocrx_word' id='word_1_246' title='bbox 1228 3516 1491 3595; x_wconf 84' lang='lat' dir='ltr'>confufionem:</span> <span class='ocrx_word' id='word_1_247' title='bbox 1517 3509 1683 3614; x_wconf 80' lang='lat' dir='ltr'>quemad</span> 
     </span>
     <span class='ocr_line' id='line_1_32' title="bbox 513 3609 1689 3710; baseline 0.003 -27"><span class='ocrx_word' id='word_1_248' title='bbox 513 3610 676 3684; x_wconf 86' lang='lat' dir='ltr'>modum·</span> <span class='ocrx_word' id='word_1_249' title='bbox 692 3631 735 3685; x_wconf 91' lang='lat' dir='ltr'>ex</span> <span class='ocrx_word' id='word_1_250' title='bbox 763 3609 854 3686; x_wconf 86' lang='lat' dir='ltr'>vers.</span> <span class='ocrx_word' id='word_1_251' title='bbox 875 3632 910 3703; x_wconf 75' lang='lat'>5.</span> <span class='ocrx_word' id='word_1_252' title='bbox 944 3612 1005 3706; x_wconf 92' lang='lat' dir='ltr'>qui</span> <span class='ocrx_word' id='word_1_253' title='bbox 1026 3615 1136 3689; x_wconf 83' lang='lat' dir='ltr'>verba</span> <span class='ocrx_word' id='word_1_254' title='bbox 1163 3628 1287 3710; x_wconf 81' lang='lat' dir='ltr'>poete.</span> <span class='ocrx_word' id='word_1_255' title='bbox 1309 3616 1510 3707; x_wconf 88' lang='lat' dir='ltr'>continet,</span> <span class='ocrx_word' id='word_1_256' title='bbox 1555 3618 1689 3707; x_wconf 78' lang='lat' dir='ltr'>liquet..</span> 
     </span>
     <span class='ocr_line' id='line_1_33' title="bbox 511 3702 1696 3809; baseline 0.01 -33"><span class='ocrx_word' id='word_1_257' title='bbox 511 3704 607 3780; x_wconf 87' lang='lat' dir='ltr'>Cum</span> <span class='ocrx_word' id='word_1_258' title='bbox 629 3706 725 3783; x_wconf 88' lang='lat' dir='ltr'>enim</span> <span class='ocrx_word' id='word_1_259' title='bbox 747 3702 866 3785; x_wconf 87' lang='lat' dir='ltr'>Deum</span> <span class='ocrx_word' id='word_1_260' title='bbox 884 3710 1132 3795; x_wconf 79' lang='lat' dir='ltr'>introduxisset</span> <span class='ocrx_word' id='word_1_261' title='bbox 1151 3712 1414 3806; x_wconf 83' lang='lat' dir='ltr'>increpantem,</span> <span class='ocrx_word' id='word_1_262' title='bbox 1444 3714 1517 3809; x_wconf 88' lang='lat' dir='ltr'>ipse</span> <span class='ocrx_word' id='word_1_263' title='bbox 1537 3710 1696 3789; x_wconf 79' lang='lat' dir='ltr'>frustra-.-</span> 
     </span>
     <span class='ocr_line' id='line_1_34' title="bbox 513 3802 1696 3904; baseline 0.011 -30"><span class='ocrx_word' id='word_1_264' title='bbox 513 3815 623 3878; x_wconf 85' lang='lat' dir='ltr'>neum</span> <span class='ocrx_word' id='word_1_265' title='bbox 644 3802 683 3877; x_wconf 82' lang='lat' dir='ltr'>dt</span> <span class='ocrx_word' id='word_1_266' title='bbox 719 3810 936 3889; x_wconf 63' lang='lat' dir='ltr'>convalium</span> <span class='ocrx_word' id='word_1_267' title='bbox 978 3806 1145 3884; x_wconf 73' lang='lat' dir='ltr'>effestum</span> <span class='ocrx_word' id='word_1_268' title='bbox 1185 3808 1251 3886; x_wconf 82' lang='lat' dir='ltr'>suis</span> <span class='ocrx_word' id='word_1_269' title='bbox 1289 3812 1410 3887; x_wconf 77' lang='lat' dir='ltr'>verbis·</span> <span class='ocrx_word' id='word_1_270' title='bbox 1447 3812 1680 3904; x_wconf 68' lang='lat' dir='ltr'>prenuntiat.</span> <span class='ocrx_word' id='word_1_271' title='bbox 1688 3836 1696 3873; x_wconf 74' lang='lat' dir='ltr'><em>s</em></span> 
     </span>
     <span class='ocr_line' id='line_1_35' title="bbox 513 3897 1697 4012; baseline 0.009 -40"><span class='ocrx_word' id='word_1_272' title='bbox 513 3920 548 3989; x_wconf 80' lang='lat'>5.</span> <span class='ocrx_word' id='word_1_273' title='bbox 572 3897 773 4012; x_wconf 72' lang='lat' dir='ltr'>Quofado</span> <span class='ocrx_word' id='word_1_274' title='bbox 787 3905 837 3977; x_wconf 84' lang='lat' dir='ltr'>ad</span> <span class='ocrx_word' id='word_1_275' title='bbox 851 3906 1026 4000; x_wconf 65' lang='lat' dir='ltr'>samuele</span> <span class='ocrx_word' id='word_1_276' title='bbox 1046 3908 1378 4001; x_wconf 86' lang='lat' dir='ltr'>pronunciationem</span> <span class='ocrx_word' id='word_1_277' title='bbox 1404 3908 1545 4000; x_wconf 83' lang='lat' dir='ltr'>nanfit,</span> <span class='ocrx_word' id='word_1_278' title='bbox 1567 3928 1697 4004; x_wconf 86' lang='lat' dir='ltr'>quam·-</span> 
     </span>
     <span class='ocr_line' id='line_1_36' title="bbox 430 3996 1697 4175; baseline 0.011 -109"><span class='ocrx_word' id='word_1_279' title='bbox 430 4046 436 4053; x_wconf 87' lang='lat'>-</span> <span class='ocrx_word' id='word_1_280' title='bbox 512 3996 633 4072; x_wconf 88' lang='lat' dir='ltr'>Deum</span> <span class='ocrx_word' id='word_1_281' title='bbox 659 3997 771 4090; x_wconf 81' lang='lat' dir='ltr'>ipsum</span> <span class='ocrx_word' id='word_1_282' title='bbox 793 4000 914 4081; x_wconf 70' lang='lat' dir='ltr'>rursus</span> <span class='ocrx_word' id='word_1_283' title='bbox 939 4000 1024 4082; x_wconf 76' lang='lat' dir='ltr'>fistit</span> <span class='ocrx_word' id='word_1_284' title='bbox 1051 4004 1257 4098; x_wconf 83' lang='lat' dir='ltr'>ferentem,</span> <span class='ocrx_word' id='word_1_285' title='bbox 1295 4004 1384 4083; x_wconf 78' lang='lat' dir='ltr'>vers</span> <span class='ocrx_word' id='word_1_286' title='bbox 1404 4006 1439 4095; x_wconf 90' lang='lat'>6,</span> <span class='ocrx_word' id='word_1_287' title='bbox 1463 4024 1503 4099; x_wconf 57' lang='lat'>7,</span> <span class='ocrx_word' id='word_1_288' title='bbox 1534 4004 1697 4175; x_wconf 39' lang='lat' dir='ltr'>,dds-‘nis</span> 
     </span>
    </p>

    <p class='ocr_par' dir='ltr' id='par_1_6' title="bbox 618 4116 1673 4182">
     <span class='ocr_line' id='line_1_37' title="bbox 618 4116 1673 4182; baseline 0.002 -11"><span class='ocrx_word' id='word_1_289' title='bbox 618 4140 624 4148; x_wconf 90' lang='lat'>·</span> <span class='ocrx_word' id='word_1_290' title='bbox 987 4150 1005 4182; x_wconf 69' lang='lat' dir='ltr'>r,</span> <span class='ocrx_word' id='word_1_291' title='bbox 1117 4148 1129 4161; x_wconf 57' lang='grc' dir='ltr'><strong><em>ι</em></strong></span> <span class='ocrx_word' id='word_1_292' title='bbox 1321 4120 1325 4127; x_wconf 91' lang='grc'><strong>’</strong></span> <span class='ocrx_word' id='word_1_293' title='bbox 1530 4116 1589 4179; x_wconf 80' lang='lat' dir='ltr'>tall</span> <span class='ocrx_word' id='word_1_294' title='bbox 1615 4121 1673 4174; x_wconf 79' lang='lat' dir='ltr'>cm</span> 
     </span>
    </p>
   </div>
   <div class='ocr_carea' id='block_1_5' title="bbox 0 0 1954 5117">
    <p class='ocr_par' dir='ltr' id='par_1_7' title="bbox 0 0 1954 5117">
     <span class='ocr_line' id='line_1_38' title="bbox 0 0 1954 5117; baseline 0 4"><span class='ocrx_word' id='word_1_295' title='bbox 0 0 1954 5117; x_wconf 95' lang='lat' dir='ltr'> </span> 
     </span>
    </p>
   </div>
  </div>
 </body>
</html>
