3900 5117
558 521 630 593 550
750 477 1564 564 COMMENTARIUS

555 696 762 768 redemtorem
778 679 905 779 suum:
946 691 983 752 at
1005 681 1180 752 illexerunt
1206 699 1276 750 uon
1300 699 1357 750 ore
1367 673 1449 772 suo,
1482 693 1513 750 et
1535 681 1651 774 lingua
1661 674 1732 776 sera

556 790 688 864 mentiti
700 779 783 877 sunt
807 783 863 867 ei,
887 799 946 851 rtet
967 799 1020 849 cor
1041 773 1179 872 ipserum
1194 772 1270 865 fuit
1290 770 1436 867 firmiter
1456 788 1568 870 aptum
1584 783 1655 850 c'um
1670 800 1727 869 eo,

556 907 656 980 neque
671 877 785 974 fideles
798 873 944 968 fumum
965 879 1001 946 in
1015 870 1148 964 foedere
1168 872 1247 966 ejus.
1294 868 1386 971 Quae
1401 893 1485 946 cum
1505 871 1620 944 facilia
1634 869 1726 964 fint,

553 980 590 1054 u
614 980 657 1051 ab
679 971 936 1066 Interpretibus
956 968 1034 1044 satis
1066 970 1252 1063 expedita,
1284 967 1370 1042 illud
1389 982 1527 1044 tanutm
1548 967 1724 1068 observa,

523 1099 526 1105 ·
554 1097 634 1151 non
654 1071 797 1167 quidem
822 1068 1020 1156 israelitas,
1061 1067 1098 1140 in
1121 1081 1219 1140 terra
1238 1063 1409 1138 Cananaea
1425 1065 1497 1157 jam
1517 1064 1722 1157 versantes,

552 1171 653 1266 quod
666 1167 782 1241 voluit
795 1161 990 1257 Cocceius,
1017 1163 1202 1236 sedadhuc
1214 1161 1253 1236 in
1268 1160 1408 1235 deserto
1424 1163 1650 1253 oberrantes,
1671 1176 1722 1240 at-

554 1285 770 1345 tamennon
790 1284 872 1351 eos,
897 1261 964 1431 gui
987 1259 1190 1356 Aegyptum
1213 1257 1438 1334 deseruerant
1454 1260 1526 1352 jam
1544 1261 1722 1352 majorem

556 1387 641 1455 nes,
672 1361 879 1436 sedentum
924 1358 1010 1445 lios,
1050 1355 1197 1432 alteram
1216 1357 1483 1451 generationem
1502 1355 1721 1432 constituere.¹

555 1479 633 1551 tes,
653 1459 712 1533 hic
734 1457 887 1552 depingi.
932 1455 1038 1528 Patet
1056 1453 1179 1546 atique
1204 1451 1362 1527 envers.
1384 1475 1464 1543 40„
1490 1453 1533 1527 ad
1547 1453 1726 1532 israelitae.

556 1561 597 1635 in
621 1557 761 1632 deserto
781 1554 858 1630 haec
878 1551 1076 1644 pertinere;
1100 1547 1161 1622 sed
1174 1549 1265 1624 ordo
1277 1551 1507 1639 narrationis,
1532 1549 1718 1626 &diverh

557 1671 610 1732 tas
624 1651 751 1729 indolis
772 1648 915 1744 populi,
947 1646 1112 1740 requIrit,
1129 1660 1178 1720 ut
1198 1645 1243 1718 de
1263 1647 1371 1720 altera
1386 1663 1510 1737 aetate,
1533 1645 1594 1721 seu
1609 1669 1719 1744 popu·

557 1754 617 1842 lo,
641 1750 701 1844 qui
721 1747 927 1843 Cananaeam
946 1743 1116 1832 intravit,
1145 1741 1398 1840 intelligam
1436 1743 1523 1843 Quo
1542 1737 1650 1821 etiam
1670 1743 1719 1818 fa·

554 1853 627 1939 cit,
648 1846 749 1940 quod
769 1840 857 1916 vert
880 1843 915 1914 8.
935 1841 1071 1934 dupiex
1089 1853 1172 1913 aetas
1191 1854 1331 1936 petrum
1349 1855 1588 1932 memoretur,
1612 1847 1720 1916 ritae

556 1959 751 2024 contumax
768 1939 806 2012 ἃ
827 1937 988 2026 rebellis,
1012 1940 1121 2010 altera
1135 1937 1352 2032 hypocritica
1364 1937 1400 2010 ic
1414 1936 1637 2015 inconstans:
1661 1960 1719 2014 cu·

554 2041 612 2139 jus
632 2032 834 2137 posterioris
853 2033 1039 2128 qualitates
1052 2033 1110 2106 hic
1127 2033 1357 2112 detineantur.
1407 2034 1564 2109 Perversr
1578 2035 1720 2130 quiden

555 2156 681 2227 erant,
705 2135 792 2210 sicut
813 2147 949 2227 patres,
982 2129 1041 2204 sed
1060 2152 1124 2226 par
1143 2131 1233 2206 mala
1251 2130 1288 2204 h
1310 2133 1458 2206 verbera
1476 2132 1520 2206 ad
1533 2134 1721 2215 meliorem

513 2243 518 2252 ’
555 2250 716 2315 mentem
739 2231 774 2305 se
793 2228 904 2325 redigi
922 2225 1004 2322 passi
1023 2227 1132 2318 sunt,
1157 2250 1231 2302 non
1251 2241 1371 2305 umen
1389 2231 1459 2316 ita,
1482 2245 1525 2303 ut
1534 2229 1667 2306 iincere
1681 2229 1720 2306 ἃ

554 2329 761 2408 constanter
782 2325 903 2399 Deum
925 2323 1128 2412 coluerint,
1158 2345 1288 2401 verum
1307 2326 1412 2400 ere&
1437 2329 1554 2421 lingua
1633 2328 1720 2406 tiam

553 2426 591 2500 hc
613 2424 775 2593 favgem
796 2417 869 2493 Dei
893 2420 1013 2495 fucate
1035 2420 1259 2514 ambientes,
1289 2423 1399 2500 corde
1417 2445 1439 2498 a
1458 2421 1541 2501 Deo
1588 2423 1719 2504 eno&

553 2521 667 2599 incon
718 2534 792 2594 nte.
1070 2571 1073 2578 -

591 2603 639 2712 '§.
653 2615 815 2691 XXXIV.
865 2651 895 2704 q.
920 2613 1084 2710 Septimus
1103 2613 1252 2712 denique
1273 2617 1441 2696 articulus
1461 2619 1628 2698 semmam
1647 2617 1717 2698 M

545 2715 877 2816 longanimitatem,
912 2711 1102 2810 &gratiam
1118 2735 1159 2788 ac
1174 2713 1466 2804 miserieoroium,
1486 2739 1571 2814 erga
1587 2719 1717 2814 eoeby·

548 2818 659 2892 critas
680 2813 842 2904 exhibet,
873 2832 942 2906 qua
963 2831 1027 2885 eos
1045 2811 1234 2901 toleravit,
1264 2812 1299 2884 br
1318 2811 1519 2906 benigniter
1533 2815 1715 2907 tractavit,

553 2935 597 2988 ac
617 2927 765 3006 peccata
783 2928 911 2984 eorum
931 2907 1043 2992 texit,
1074 2929 1121 2979 eo
1141 2907 1236 2998 quod
1253 2905 1415 2978 homines
1433 2907 1547 2982 errem
1561 2912 1715 2988 imbecil.

550 3009 627 3096 ies,
652 3005 741 3079 veri
760 3009 821 3096 38,
831 3039 836 3048 ·
845 3025 903 3094 gp
922 3001 975 3073 At
989 2997 1053 3094 ipse
1065 2999 1242 3092 misericors
1257 3001 1384 3095 tegebat
1397 3002 1550 3078 illinenda
1565 3013 1719 3110 irrequies,

552 3116 644 3187 tent,
675 3122 733 3170 nec
761 3099 934 3190 perdebat,
965 3101 1028 3167 imo
1049 3095 1287 3188 multiplicabat
1321 3097 1470 3173 reducere
1498 3103 1630 3202 nasum,
1658 3128 1717 3192 nec

411 3232 414 3239 .
483 3241 488 3248 -
551 3195 716 3266 excitabat
735 3213 858 3264 munem
878 3187 1171 3284 excordem-entiam
1182 3187 1301 3286 suom,
1334 3207 1367 3268 ei
1389 3203 1634 3294 recordabatur,
1667 3230 1718 3283 eor

552 3284 613 3385 effe
633 3307 780 3376 carnem,
806 3300 943 3360 vertum
958 3298 1166 3379 pereuntem,
1191 3295 1248 3386 qui
1274 3314 1338 3366 non
1358 3296 1456 3371 redit.
1505 3295 1645 3390 Verba,
1674 3299 1716 3380 ui

550 3374 658 3463 facile
683 3381 866 3474 cernitur,
892 3380 1082 3458 continent
1104 3385 1228 3462 mitem
1248 3387 1283 3462 δι
1303 3389 1561 3467 misericordem
1589 3403 1718 3493 agendi

553 3484 721 3573 modum,
746 3502 851 3575 quem
872 3477 972 3554 Deus
993 3503 1077 3557 cum
1099 3482 1322 3578 hypocritiae
1341 3488 1409 3560 hoc
1423 3490 1556 3580 populo
1573 3496 1714 3596 tenuit,
1794 3517 1802 3540 ι
1863 3511 1864 3516 ¹

549 3585 697 3676 ejusque
712 3579 886 3654 rationem
896 3591 1118 3655 moventem.
1174 3579 1256 3655 Tria
1269 3584 1715 3668 memoranturmiserico'r.

550 3677 619 3752 die
638 3678 709 3751 Dei
723 3675 842 3776 tigna,
878 3701 909 3754 1.
926 3673 1079 3751 Primum
1099 3677 1178 3767 est,
1211 3679 1308 3772 quod
1326 3693 1455 3772 peccata
1476 3689 1614 3778 texerit,
1648 3715 1713 3771 ron

548 3777 718 3872 perdendo.
759 3776 845 3850 Haec
860 3777 955 3850 enim
970 3777 1080 3849 verba
1094 3775 1295 3865 cohaerent,
1311 3775 1344 3850 δι
1358 3777 1528 3873 posterius
1543 3789 1710 3884 exponit,
1777 3837 1793 3870 .

551 3893 621 3963 qua
644 3872 682 3945 in
702 3893 741 3943 re
764 3869 826 3944 fita
845 3871 955 3946 fuerit
975 3888 1205 3964 peccatorum
1225 3877 1385 3967 expiatio,
1410 3879 1533 3953 innon
1548 3891 1711 3976 punientia

538 3967 593 4038 ad
612 3966 850 4059 perditionem
866 3989 994 4061 resque.
1032 3991 1065 4051 e,
1091 3968 1273 4050 Secundum
1295 3967 1369 4059 est,
1389 3975 1710 4062 mutinensium

1606 4079 1709 4152 ebul-
